1832 3282
313 241 414 280 1¹1
737 220 930 275 VINC.
980 214 1333 277 OBSOPOEI

314 356 541 404 neminem
573 365 665 398 non
683 347 929 411 doctiorem
957 353 1004 398 ὅ(
1030 366 1176 398 renim
1208 347 1444 397 multarum
1466 343 1715 414 prudentio-

312 443 409 476 rem
425 443 449 471 a
469 418 511 469 se
531 416 731 476 dimittit,
760 422 833 487 qui
852 417 1032 487 quidem
1060 437 1152 468 non
1172 416 1420 476 oscitanter,
1461 415 1535 464 sed
1555 429 1717 466 attento

314 498 467 544 animo
493 494 540 538 in
562 502 756 537 veterum
775 487 1385 538 Historiarum'monumentis
1414 484 1598 536 versatus
1624 483 1717 534 fue-

316 570 386 615 rit.
454 563 511 610 Et
528 563 627 626 quia
645 562 730 606 vita
747 561 934 608 humana
961 559 1088 626 plena
1114 558 1176 607 est
1207 563 1392 608 caecitate
1419 562 1467 607 &
1488 557 1717 611 erroribus,

316 635 445 703 plena
465 629 660 685 stultitia,
691 633 934 694 ignorantia
963 633 1010 679 ὅ(
1031 625 1267 677 inconsulta
1290 632 1551 683 temeritate,
1580 643 1718 694 neque

317 700 547 772 quisquam
561 698 623 747 est
640 698 907 756 mortalium,
938 697 1224 766 cujuscunque
1246 696 1425 746 tandem
1442 696 1606 747 ordinis
1619 693 1720 744 fue·

318 778 399 830 rit,
444 773 517 838 qui
544 786 637 817 non
659 766 997 834 frequentiffune
1023 769 1333 824 hallucinetur‚
1383 781 1557 835 peccet,
1593 779 1721 821 erret,

255 833 258 835 Δ
319 843 495 896 deliret,
521 835 744 887 interdum
768 843 901 889 etiam
926 839 985 887 ob
1015 837 1181 888 consilii
1207 843 1253 887 ὅ(
1278 835 1495 904 sapientia:
1522 837 1722 903 inopiam

320 914 506 980 graviter
531 905 670 974 lapsus
695 910 935 975 impingat3
971 906 1178 975 sequitur,
1221 908 1425 956 omnibus
1453 923 1629 975 quoque
1643 912 1721 959 ‘ne-

288 988 291 991 ’
321 979 542 1032 cessariam
557 974 641 1026 esse
660 992 902 1028 accuratam
924 977 1215 1026 Historiarum
1238 981 1551 1044 cognitionem.
1601 977 1723 1024 Con·

320 1050 571 1101 sentaneum
589 1064 696 1114 ergo
713 1047 798 1104 est,
831 1062 879 1096 ut
905 1049 958 1099 ab
977 1050 1182 1097 omnibus
1203 1066 1294 1099 non
1319 1045 1438 1114 segni
1466 1044 1609 1095 studio
1628 1062 1723 1112 per-

316 1118 507 1171 discatur
524 1138 540 1166 :
575 1116 848 1184 potiffimum
881 1135 985 1168 vero
1017 1137 1041 1167 a
1068 1136 1239 1185 magnae
1265 1116 1451 1167 fortuna:
1485 1122 1531 1167 &
1562 1114 1748 1183 amplas*

323 1187 586 1240 conditionis
604 1189 854 1236 hominibus
864 1226 877 1246 ,
916 1186 1172 1250 cujusmodi·
1183 1185 1279 1236 sunt
1297 1185 1726 1259 Summi‘Magistra‘4

322 1275 392 1310 tus
411 1264 458 1308 ὅ(
484 1260 725 1322 Principes,
759 1274 945 1329 quorum
973 1261 1056 1305 vita
1079 1263 1125 1307 ἀ
1153 1275 1258 1326 opes
1281 1260 1327 1306 in
1344 1253 1511 1308 excelso
1530 1253 1649 1313 sunt,
1678 1258 1726 1318 ὃς

324 1329 460 1380 officii
486 1324 797 1376 administratio
827 1325 883 1376 ad
907 1328 1117 1398 plurimos
1151 1332 1348 1394 pertinet.
1418 1325 1646 1395 Siquidem·
1665 1324 1730 1374 illi

324 1413 397 1449 aut
425 1395 598 1446 summo
630 1401 830 1445 omnium
858 1398 978 1446 bono
1003 1395 1394 1467 prudentes-sunt,·
1446 1409 1518 1446 aut
1553 1394 1728 1446 summo

325 1472 532 1520 omnium
548 1467 666 1516 malo
686 1465 912 1534 defipiunt,
929 1485 1069 1535 neque
1086 1467 1170 1518 labi
1189 1465 1362 1537 possunt
1381 1466 1471 1517 sine
1485 1467 1730 1517 multorum

327 1539 567 1589 calamitate
593 1541 640 1586 ὅ(
666 1539 814 1586 exitio.
913 1535 1032 1605 Qd
1059 1551 1204 1588 autem
1236 1538 1506 1604 Reipublicae
1533 1534 1731 1590 accidere

326 1607 468 1679 potest
488 1619 616 1661 cauto
639 1610 686 1656 &
709 1604 888 1655 cordato
908 1609 1104 1676 Principe
1128 1609 1302 1657 utilius?
1330 1621 1502 1668 contra,
1539 1605 1647 1676 quid
1671 1620 1732 1655 te-

327 1681 517 1730 merario
533 1681 581 1730 ἀ
599 1674 757 1726 stolido
777 1675 1009 1725 luctuosius
1021 1680 1043 1725 ἓ

433 1779 490 1826 Et
512 1780 611 1845 quia
628 1771 881 1844 sapientiam
897 1789 1045 1829 natura
1064 1779 1229 1825 nemini
1246 1789 1348 1824 nato
1370 1772 1544 1835 insevit,
1578 1789 1625 1824 ut
1644 1772 1732 1825 edi-

280 1848 288 1858 ’
329 1846 403 1896 tus'
414 1849 460 1895 in
486 1845 645 1903 lucem,
677 1848 764 1907 jam
785 1844 886 1897 inde
907 1865 930 1894 a
949 1846 1189 1903 cunabulis,
1215 1861 1287 1895 aut
1306 1865 1414 1894 mox
1435 1842 1613 1898 decurso
1630 1864 1734 1913 pue-

329 1920 434 1966 ritiae
461 1919 507 1965 ἀ
533 1918 760 1978 iuventutis
785 1912 918 1982 spatio
937 1954 951 1974 ‚
995 1914 1127 1984 pleno
1158 1918 1335 1983 pestore
1364 1913 1559 1984 saperet,
1598 1914 1735 1976 (nihil

330 1990 452 2036 enim
485 1987 719 2036 hominem
753 1981 860 2034 scire
895 1983 986 2035 fine
1017 1983 1216 2037 doctrina
1252 1985 1437 2035 affirmat
1466 1983 1734 2053 gravissimus

331 2059 487 2108 author
506 2056 692 2120 Plinius)
719 2051 792 2103 sed
811 2054 950 2104 multo
967 2073 1111 2107 rerum
1132 2053 1207 2106 usu
1219 2093 1234 2115 ,
1274 2057 1420 2106 multis
1438 2060 1558 2106 annis
1582 2073 1738 2123 paran-

331 2124 388 2175 da
416 2130 464 2174 &
493 2122 736 2192 colligenda
763 2123 823 2173 est
847 2121 1076 2192 sapientia3
1110 2144 1159 2177 ea
1188 2144 1292 2175 vero
1315 2144 1407 2177 non
1423 2125 1594 2177 aliunde
1617 2142 1740 2176 com·

331 2193 607 2265 pendiofiore
658 2193 912 2244 diverticulo
951 2214 1082 2264 quam
1131 2211 1186 2246 ex
1228 2195 1431 2247 Historiis
1463 2192 1742 2263 perdiscitur,

333 2263 508 2339 quando
536 2261 748 2333 nusquam
774 2262 1037 2315 diversarum
1059 2284 1203 2314 rerum
1225 2263 1321 2316 usus
1348 2272 1395 2316 &
1421 2279 1598 2319 eventus
1616 2285 1742 2317 aecu-

335 2338 491 2389 ratiore
512 2333 733 2403 diligentia
754 2333 951 2403 depictus
973 2341 1020 2386 ὅ(
1038 2334 1315 2386 adumbratus
1335 2341 1542 2387 cernitur:
1558 2354 1742 2405 magno-

337 2423 437 2454 rum
454 2407 705 2472 Principum
721 2409 914 2473 primum
933 2409 980 2454 &
1006 2409 1185 2454 unicum
1215 2405 1405 2456 studium
1433 2402 1516 2458 esse
1547 2405 1744 2465 debebat,

335 2471 455 2529 nosse
475 2479 523 2524 &
539 2471 806 2542 investigasse
824 2472 1054 2535 Historias3
1088 2473 1341 2534 secundum,
1372 2475 1542 2527 summa
1561 2474 1744 2545 diligen-

337 2548 394 2593 tia
413 2561 586 2602 curare‚
618 2559 665 2593 ut
690 2559 886 2594 veterum
912 2547 1184 2613 Scriptorum
1210 2551 1257 2595 ὅ(
1276 2547 1745 2614 Historiographorum

336 2615 652 2667 lucubrationes
674 2618 720 2663 &
736 2624 1025 2664 monumenta
1054 2613 1416 2667 conservarentur.
1487 2620 1595 2666 Haec
1627 2621 1747 2666 enim

367 2683 464 2734 lane
490 2698 557 2735 res
575 2680 677 2735 esset
707 2688 959 2752 Principum
991 2689 1326 2751 cogitationibus
1348 2686 1625 2753 dignissima,
1657 2690 1750 2755 qui-

334 2702 418 2807 {us
428 2754 537 2803 olim
560 2751 701 2807 studio
722 2750 804 2807 fuit
824 2757 1093 2821 optimorum
1115 2756 1328 2805 librorum
1355 2762 1530 2825 copiam
1563 2761 1605 2805 in
1629 2776 1748 2806 com-

338 2841 526 2876 munem
539 2821 832 2878 studiosorum
850 2822 979 2877 usum
1005 2828 1249 2893 ingentibus
1268 2832 1399 2877 etiam
1422 2826 1626 2894 impenfis
1647 2845 1749 2876 con-

1658 2900 1750 2965 qui-
