1780 3268
476 158 570 217 Δία
586 185 798 216 noram.
827 183 964 215 xxu.
985 182 1072 226 ¹27·
1182 203 1196 222 ,.
1351 174 1439 228 489

1469 244 1648 267 m

1468 266 1647 280 Q-—oe—-n

87 288 265 330 maxima
291 300 386 343 pars
407 288 517 331 inter
547 288 803 332 Maeandrum
823 285 869 330 &
895 300 1010 328 mare
1041 291 1132 328 erat
1149 283 1245 336 fita3
1283 284 1328 330 δι
1347 285 1441 329 haec
1482 306 1577 348 Vers-
1596 310 1631 349 3·

85 357 258 402 Rhodiis
279 361 397 402 data:
426 359 503 406 alia
518 373 612 416 pars
631 359 738 401 ultra
760 360 1029 409 Maeandrum,
1046 358 1273 413 Phrygiam
1294 357 1338 402 &
1356 359 1441 414 Ly-

82 431 196 472 diam
217 431 369 474 versus.
392 431 503 474 conf.
522 431 670 474 Cellar.
690 430 945 485 Orb.Antiq.
957 430 1032 472 111.
1055 442 1094 484 3.
1113 442 1238 486 p.99.
1255 452 1313 460 -—-
1333 428 1439 474 Ibid.

85 498 193 556 πλήν
224 502 547 555 Τελμισσοῧ.
586 502 778 546 Correxit
797 503 879 545 hoc
903 502 1188 554 Casanbonus,
1216 515 1311 545 cum
1332 501 1439 546 Τελ-

84 575 239 625 μεσσοῦ
261 575 344 618 hoc
362 576 460 618 loco
480 575 682 619 habuisset
702 574 878 619 Vrfinus
905 575 1254 617 consentientibus
1272 575 1439 626 msstis;

67 647 154 693 ‘sed
175 661 274 690 mox
304 647 405 690 vers.
420 660 484 690 10.
509 649 553 689 in
579 644 808 700 Τελμισσός
841 647 1099 689 conveniunt
1131 659 1293 689 omnes·
1355 646 1439 689 Tet-

56 758 58 760 ,
83 715 244 775 τηξθῖιε,
273 719 405 761 Cariae
426 720 524 763 urbs
538 720 773 770 maritima,
811 732 936 774 quam
953 718 1099 773 Lyciae
1121 719 1190 760 alii
1210 719 1438 770 accensent,

82 790 225 833 differt
243 806 266 833 a
285 791 499 833 Termefl'o
524 791 591 833 vel
618 789 850 840 Telmeff0‚
889 792 1189 833 mediterranea
1214 792 1317 834 urbe
1347 789 1437 833 Pifi-

82 863 190 911 diae,
221 863 339 918 cujus
359 865 518 906 mentio
538 863 656 918 supra
684 860 790 905 satta
810 863 868 906 est
889 877 925 905 c.
951 867 1021 913 18,
1043 874 1082 905 2.

173 934 283 989 Vers.
305 947 346 991 9.
372 931 426 977 τοὶ
444 935 714 992 προσορῶντα
732 928 887 982 τούτοις
942 933 1138 980 Mendose
1168 928 1223 976 ταὶ
1245 934 1437 992 προοροῧν
1477 929 1574 967 Vers·
1592 941 1627 975 9-

84 1001 256 1055 voda-otc.-

170 1077 283 1134 Vers.
306 1092 370 1127 10.
407 1075 590 1131 Μυσοῦς,
628 1069 694 1127 οὓς
716 1074 909 1135 πρότερον
940 1074 1060 1127 cedro&
1085 1074 1434 1134 παρεσκευάσατο.
1472 1070 1568 1111 Vers-
1590 1082 1654 1113 ²⁰·

25 1195 28 1198 ,
80 1150 132 1207 In
155 1151 278 1195 Notis
298 1151 453 1203 Vrfini,
482 1153 552 1194 ubi
572 1152 665 1194 haec
684 1153 808 1194 verba
827 1157 1086 1207 repetuntur,
1117 1151 1174 1194 est
1192 1147 1336 1198 αὐτοῦς
1354 1165 1433 1207 pro

17 1211 28 1250 s
58 1218 215 1271 αὐτός.
273 1225 493 1267 Bavaricus
515 1225 737 1269 nilkmutat.
794 1221 1015 1275 Ceterum,
1046 1237 1144 1267 cum
1165 1224 1216 1266 ad
1242 1223 1353 1266 hunc
1373 1224 1439 1266 lo-

43 1319 46 1321 *
81 1308 179 1336 cum
199 1309 446 1340 Rmsruvs
464 1296 558 1338 haec
576 1297 807 1340 notaverit:
842 1296 1050 1350 „Eri-ore,
1080 1309 1132 1339 an
1150 1293 1342 1347 confilio,
1368 1294 1438 1338 Li.

81 1367 175 1409 vius
197 1367 265 1410 hic
287 1383 309 1410 a
327 1369 478 1424 scripto
500 1367 731 1421 discesserit,
754 1381 805 1410 an
827 1368 936 1410 aliud
957 1369 999 1411 in
1021 1369 1093 1411 suo
1118 1368 1265 1411 codice
1287 1369 1436 1412 habue-

83 1438 161 1488 rit,
191 1453 274 1481 non
296 1441 450 1495 liquet:
481 1442 606 1483 vertit
623 1441 758 1492 enim,
793 1440 989 1495 Mysiam,
1029 1453 1154 1497 quam
1172 1441 1342 1494 Prusias
1359 1455 1438 1486 rex

81 1509 312 1564 ademerat,
347 1513 383 1554 ei
411 1512 715 1569 restituerunt.“
746 1531 801 1543 -
848 1514 1067 1564 miramur,
1104 1514 1156 1556 de
1180 1513 1263 1569 ipsa
1297 1527 1438 1570 graeca

83 1580 286 1635 diffione,
325 1597 447 1640 quam
476 1586 558 1627 hoc
590 1585 686 1626 loco
713 1584 936 1632 habemus,
983 1585 1087 1627 nihil
1116 1584 1270 1628 notafl'e
1299 1587 1438 1630 virum

79 1651 369 1698 dostiffimum.
412 1656 550 1701 Verba
570 1657 660 1707 ista,
688 1649 752 1704 οὓς
772 1651 966 1712 πρότερον
989 1651 1108 1704 αὐτὰρ
1131 1653 1437 1713 παρεσκευάσα-

83 1741 151 1776 το,
181 1727 442 1770 Casaubonus
472 1727 526 1773 fic
556 1729 701 1776 vertit,
741 1741 843 1784 quos
858 1729 979 1783 prius
1008 1727 1086 1785 ipse
1092 1727 1343 1786 subegerat;
1377 1731 1438 1773 in-

81 1798 198 1842 solita
217 1801 361 1855 utique
383 1801 497 1843 verbi
516 1795 873 1856 παρασκευοέᾴμοᾳ
898 1802 1096 1854 notione,
1137 1803 1254 1858 cujus
1278 1803 1436 1846 nullum

24 1927 26 1929 ‚
83 1870 194 1913 aliud
214 1886 292 1914 nec
310 1874 415 1928 apud
434 1874 671 1929 Polybium,
690 1887 767 1915 nec
788 1873 896 1929 apud
915 1873 1039 1916 aliurn
1059 1887 1307 1929 quemquam
1328 1888 1436 1930 grae-

83 1955 179 1984 cum
202 1943 455 1999 scriptorem,
484 1947 669 2001 reperire
688 1945 926 2000 exemplum
943 1946 1067 1988 nobis
1083 1946 1215 1988 licuit.
1254 1945 1438 1994 Scimus,

84 2011 450 2080 ποξρασκευοέζεεθοη
468 2030 777 2072 nonnumquam
803 2016 883 2059 effe
896 2016 976 2073 fibi
1000 2030 1238 2071 comparare
1252 2019 1437 2074 ,aliquem

79 2088 253 2129 amicum
268 2119 280 2140 ,
310 2090 518 2132 conciliare
523 2087 605 2146 fibi
619 2089 814 2132 hominem
825 2121 837 2140 ,
853 2086 1083 2145 subornare
1101 2090 1272 2146 aliquem
1290 2088 1437 2133 adver-

0 2151 2 2247 j
72 2156 151 2212 sus
167 2160 316 2211 alium3
344 2175 516 2216 quarum
535 2163 755 2205 notionum
773 2161 962 2215 exempla
981 2175 1032 2203 ex
1051 2160 1332 2204 Demosthene
1352 2162 1439 2204 col-

82 2230 191 2285 legit
207 2232 318 2274 idem
349 2232 547 2275 Reiskius
578 2234 715 2275 noster
740 2234 783 2274 in
809 2232 954 2274 Indice
983 2230 1197 2279 Graecitat.
1224 2233 1438 2278 Demosth.

84 2302 151 2344 sed
163 2316 239 2358 pro
250 2302 441 2360 subigere
458 2305 653 2360 nusquam
662 2304 1185 2360 meminimususurpatum.
1204 2304 1338 2361 Igitur
1349 2319 1438 2348 ver-

81 2377 209 2417 tenda
229 2376 301 2419 ista
323 2376 447 2419 verba
466 2385 605 2419 erant:
634 2390 735 2432 quos
744 2375 840 2431 jam
872 2374 1092 2432 antea'ipfh
1105 2377 1186 2433 fibi
1212 2378 1442 2420 conciliave-

81 2453 177 2498 rat,
195 2446 275 2504 fibi
292 2447 557 2503 adjunxerat.
615 2449 696 2492 Sed
715 2450 911 2510 quoniam
932 2448 1120 2505 Prusiam
1145 2449 1187 2491 h.
1209 2449 1235 2493 l.
1258 2463 1443 2491 comme-

82 2521 263 2562 moravit
295 2520 463 2568 Livius,
494 2533 618 2575 quem
645 2522 784 2563 omnia
810 2521 877 2562 sua
908 2521 950 2562 in
979 2521 1044 2563 his
1066 2522 1189 2563 rebus
1218 2536 1242 2563 a
1262 2521 1444 2576 Polybio

85 2591 285 2646 accepisse
307 2593 514 2642 novimUS‚
525 2592 644 2634 facile
666 2593 887 2643 credimus,
911 2591 1013 2636 ficut
1029 2592 1203 2636 infinitis
1223 2593 1330 2635 locis
1354 2606 1445 2647 par-

86 2663 163 2705 tim
195 2664 339 2705 misere
369 2672 624 2719 corruptam,
671 2665 820 2720 partim
848 2664 1077 2708 mutilatam
1097 2664 1259 2722 polybii
1291 2665 1445 2707 oratio-

90 2747 186 2777 nem
206 2736 325 2778 nobis
348 2737 652 2780 transmiserunt
671 2738 852 2788 codices,
883 2737 954 2791 qui
974 2737 1048 2779 has
1060 2737 1243 2793 Eelogas
1263 2739 1315 2779 de
1331 2737 1444 2792 lega-

89 2807 272 2851 tionibus
293 2809 534 2857 continent,
578 2808 631 2851 fic
652 2810 734 2854 hoc
753 2812 907 2867 pariter
925 2810 1021 2851 loco
1051 2809 1118 2855 vel
1140 2817 1335 2865 corrupta
1363 2804 1446 2848 effe

817 2882 894 2927 Hh
931 2891 954 2935 5
1379 2877 1447 2920 vel
