1780 3268
417 224 1408 273 Anwnonxn.x>c.12.x3.421

61 350 133 381 res
153 336 225 391 est,
242 335 288 379 &
303 336 470 379 demum
490 348 598 377 anno
624 332 718 388 565.
739 333 946 376 decreto’
933 347 976 375 m
996 331 1176 376 concilio
1188 329 1411 382 communi
1451 356 1549 398 Vers
1567 367 1603 402 4·

65 410 322 454 Achaeorum
342 405 451 450 facio
472 407 677 449 restituti
665 420 709 448 m
728 407 871 449 urbem
890 404 1049 448 exsules
1070 404 1161 447 sunt
1187 419 1211 446 a
1227 411 1411 460 praetore

63 481 324 526 Achaeorum
347 479 683 534 Philopoemene,
713 484 760 519 ut
773 479 924 520 Livius
943 478 1068 519 docet
1085 472 1330 519 XXXVIII.
1344 485 1412 530 34.

62 553 298 598 Iamiiidem
319 552 358 593 hi
377 551 536 603 exsules
564 550 1000 599 Lacedaemoniorum,
1040 563 1063 590 a
1087 548 1411 602 Philopoemene

65 626 109 668 in
131 624 303 679 patriam
322 623 514 673 restituti,
543 623 690 676 diserte
718 636 740 662 a
762 622 938 676 Polybio
959 621 1000 662 οἱ
1019 617 1184 675 οἷρχοὶἱοι
1215 614 1410 678 φυγάδες,

64 696 378 749 ἰὰςίὶγυετενες
399 692 565 747 exsules,
597 701 800 737 vocantur
815 693 886 735 lib.
904 691 1061 735 XXIII.
1085 706 1099 734 ι
1114 705 1129 734 1
1144 723 1156 743 ,
1175 704 1216 745 7.
1246 689 1412 735 XXIV.

65 779 117 823 4,
143 781 177 810 1.
197 766 240 814 δὲ
258 766 400 817 XXV,
426 780 467 816 1,
493 779 552 809 ιο.
611 764 751 816 Quare
767 762 938 807 nullum
968 764 1136 811 dubium
1163 762 1245 805 ess'e
1275 763 1414 819 debet,

65 840 166 897 quin
193 838 238 881 δε
263 839 402 892 nostro
428 839 511 880 hoc
531 838 650 890 loco,
691 851 768 892 pro
794 837 872 878 τῶν
891 831 1082 893 weydden<
1104 836 1183 877 τῶν
1202 831 1413 888 Ἀχαιῶν,

65 913 179 967 quod
205 912 333 964 vulgo
366 910 716 952 consentientibus
747 909 889 951 msstis
920 909 1167 964 legebatur,
1204 907 1284 950 τῶν
1310 909 1414 960 φυγ.

64 999 144 1026 των
163 979 338 1039 οἷρχεὶων
361 983 485 1026 fuerit
496 983 773 1024 scribendum.
831 981 953 1023 Ratio
973 981 1156 1022 nominis
1177 979 1270 1022 satis
1295 978 1414 1022 intel
1451 1029 1453 1031 ι

63 1053 231 1112 ligitur,
248 1069 344 1097 non
371 1054 502 1096 'solum
530 1062 576 1096 ut
593 1054 645 1095 ab
667 1053 758 1094 aliis
784 1049 983 1108 nuperius
1012 1053 1054 1093 in
1087 1051 1272 1095 exfilium
1287 1049 1386 1107 puls
1390 1063 1411 1092 s

62 1127 437 1182 distinguerentur,
475 1125 602 1176 (vide
628 1123 794 1168 XXIV.
818 1136 865 1178 4,
882 1137 906 1167 2
938 1123 982 1167 &
1013 1125 1079 1178 5.)
1107 1137 1250 1166 verum
1283 1122 1411 1164 etiam

65 1201 262 1256 quoniam
291 1212 434 1240 revera
452 1196 538 1253 jam
563 1197 635 1238 diu
661 1203 750 1238 erat
779 1209 831 1238 ex
860 1209 943 1252 quo
966 1198 1008 1239 in
1038 1195 1222 1238 exfilium
1247 1194 1413 1236 fuerant

63 1270 188 1328 pulfi,
217 1277 264 1313 ut
284 1272 408 1311 docet
427 1268 626 1324 Polybius
646 1267 741 1309 loco
764 1267 879 1323 supra
897 1269 1047 1320 citato,
1087 1267 1205 1310 XIII.
1226 1264 1276 1316 6,
1300 1277 1338 1319 3.
1366 1265 1410 1306 in
1432 1315 1434 1319 ‚

62 1343 189 1386 rebus
210 1343 305 1385 anni
326 1352 420 1396 550.
449 1339 493 1394 ᾇ
520 1338 894 1391 Livjus‘XXXIV.
915 1338 984 1395 ‘27.
1008 1341 1079 1386 ubi
1108 1340 1189 1382 ait:
1225 1334 1412 1394 Ipsorum
1456 1392 1458 1395 ι
1519 1368 1522 1371 «

0 1438 2 1460 r
63 1428 218 1473 quoque
235 1412 626 1456 Lacedoemoniorum
648 1409 801 1466 exsules
819 1413 1036 1466 permulti,
1065 1398 1338 1467 tyrannorum
1353 1409 1412 1450 in-

53 1487 178 1544 juria
191 1485 311 1543 pass,
326 1483 399 1540 ſjoe
419 1481 700 1538 recuperandae
722 1484 875 1537 patria
895 1485 937 1526 in
964 1485 1095 1542 castra
1118 1482 1306 1525 Romana
1324 1493 1412 1523 con-

9 1558 13 1560 ”
65 1564 270 1602 venerant.
328 1556 456 1598 Multi
473 1561 606 1597 autem
627 1561 768 1602 erant,
798 1553 886 1607 jam
899 1570 977 1611 per
994 1557 1148 1611 aliquot
1165 1560 1330 1604 (etates,
1360 1565 1413 1595 ex

65 1644 144 1687 quo
166 1628 334 1684 tyranni
352 1626 537 1670 tenebant
555 1626 877 1672 Lacedoemonem
890 1658 902 1681 ‚
933 1629 1005 1670 alii
1025 1627 1077 1670 ab
1097 1627 1193 1670 aliis
1209 1625 1308 1684 puffi
1327 1623 1412 1668 &m

66 1702 211 1747 Latius
232 1702 323 1743 haec
345 1699 388 1741 &
409 1691 665 1742 enucleatius
686 1713 894 1754 exponere
913 1700 1077 1756 placuit,
1097 1713 1189 1740 cum
1207 1706 1253 1740 ut
1274 1710 1413 1739 emen-

64 1773 242 1818 dationis
261 1771 410 1814 nostrae
430 1770 689 1813 firmaremus
711 1773 940 1821 veritatem,
952 1779 1041 1814 tum
1060 1778 1106 1812 ut
1125 1771 1289 1813 Livium
1315 1782 1413 1810 cum

63 1844 242 1900 Polybio
261 1844 591 1894 conciliaremuS,
621 1842 666 1885 &
683 1844 855 1886 alterum
874 1858 925 1885 ex
945 1844 1074 1887 altero
1092 1842 1412 1889 illustraremus;

67 1918 246 1972 denique
275 1916 385 1971 quod
412 1916 633 1957 commoda
664 1915 743 1957 visa
772 1905 864 1958 haec
896 1913 1096 1971 expositio
1127 1913 1186 1957 est
1213 1914 1263 1956 ad
1294 1911 1413 1968 plura

67 1989 236 2045 Polybii
258 1988 374 2036 loca,
406 1987 552 2042 quibus
573 1987 723 2041 deinde
742 1986 787 2030 &
807 1987 955 2030 horum
984 1987 1226 2029 eorumdem
1246 1983 1292 2027 &
1312 1983 1412 2025 alio·

66 2075 157 2104 rum
179 2060 361 2102 exsulum
379 2058 793 2101 Lacedaemoniorum
808 2059 859 2102 fit
875 2059 1046 2107 mentio,
1078 2057 1239 2113 planius
1259 2054 1414 2098 intelli-

67 2134 215 2190 genda.
275 2131 435 2173 Eodem
456 2144 620 2190 errore,
651 2131 722 2187 qui
740 2131 822 2173 hoc
841 2131 935 2173 loco
954 2131 1124 2174 codices
1144 2128 1306 2172 nostros
1324 2126 1413 2168 foe-

67 2207 256 2249 daverat,
286 2203 378 2245 libri
398 2216 544 2244 omnes
562 2198 729 2256 Ἀχοιιοὶ
745 2216 819 2259 pro
841 2199 1005 2258 οἷρχοὶἷοι
1026 2202 1174 2244 dabant
1186 2198 1300 2243 XIII.
1317 2211 1356 2252 3,
1369 2209 1410 2240 2.

67 2275 114 2320 δι
134 2274 304 2319 vicissim
321 2273 481 2318 XXIII.
507 2287 581 2327 11,
603 2279 643 2326 8.
661 2289 737 2331 pro
763 2271 952 2330 Ἀχαιοὶ,
993 2271 1157 2331 οἷρχοῖῖοι
1177 2272 1291 2316 dedit
1307 2269 1411 2314 Bav.

469 2413 503 2457 C
529 2415 568 2458 A
595 2415 625 2458 P
654 2414 695 2460 V
724 2413 764 2457 T
839 2414 988 2458 XIII.
1418 2447 1621 2494 Cap.xm.

155 2498 269 2557 Verfi
293 2514 327 2544 1.
365 2497 486 2543 Κατοέ
523 2497 614 2548 τούς
641 2496 782 2548 αὐτοῦς
809 2497 970 2558 neapo&-
993 2498 1078 2544 ὅτε.
1134 2498 1233 2547 Vid.
1262 2496 1412 2545 Livius
1446 2507 1541 2546 Vers.
1561 2517 1594 2547 ι.

66 2573 272 2620 XXXVI.
294 2583 358 2626 35.
381 2572 427 2615 &
444 2573 587 2615 confer
606 2580 744 2615 notata
764 2573 812 2615 ad
830 2586 918 2629 cap.
943 2585 1005 2625 12,
1030 2585 1065 2616 ι.

45 2643 49 2645 ’
154 2643 263 2699 Vers.
284 2658 321 2699 3.
354 2641 423 2686 τὸν
439 2644 516 2698 μὲν
547 2640 656 2688 υἱὸν
694 2640 918 2701 Δημήτριον
938 2642 1131 2688 ἀπέλυσε.
1165 2643 1312 2688 L1vius
1330 2642 1359 2688 1.
1371 2658 1408 2686 c.
1440 2652 1536 2694 ναί,
1558 2661 1596 2701 3.

11 2771 13 2776 ¹
66 2717 162 2760 Non
186 2714 409 2771 responsum
426 2715 558 2771 solum
587 2716 753 2772 benigne
774 2713 928 2771 'legatis
947 2717 1027 2775 est,·
1053 2712 1137 2773 'sed
1167 2714 1411 2773 Philippi

68 2802 220 2845 quoque
239 2787 401 2843 filius
430 2787 686 2840 Demetrius,
716 2790 786 2845 qui
804 2786 911 2842 obses
939 2788 1079 2832 Romoe
1105 2795 1220 2841 erat,
1249 2788 1307 2832 ad
1331 2800 1407 2845 pa-

67 2866 171 2903 trem
192 2859 437 2904 reducendus
456 2861 605 2916 legatis
621 2860 746 2905 datus
768 2861 834 2920 est.
899 2861 1117 2916 Fatemur,
1149 2861 1315 2905 defendi
1345 2866 1408 2903 ut-

844 2930 922 2976 Dd
952 2945 977 2989 3
1301 2945 1415 2975 cum-
