1832 3282
514 246 542 266 *
573 242 1042 296 PROOEMIVM:
1440 255 1527 294 ,ικ

116 371 321 420 omnibus
345 369 540 431 dimissis,
568 385 782 441 praecepta
802 367 1006 441 quaedam
1023 365 1193 434 inserit²
1220 364 1278 416 ad
1295 370 1393 416 vitae
1409 369 1525 419 insti·

116 444 330 490 tutionem
348 441 588 492 necess'aria.
657 442 882 492 Postremo
902 444 1050 491 Livius
1068 442 1302 487 conciones
1323 442 1529 506 integras,

117 524 242 578 atque
260 510 471 576 directas,
510 513 715 575 Polybius
743 513 944 580 obliquas
970 513 1174 578 exponit:
1206 511 1362 575 quibus
1389 514 1433 558 in
1463 531 1528 560 re,

116 582 195 628 bus
219 595 312 629 uter
332 601 486 631 eorum
507 588 647 649 magis
664 582 716 632 fit
738 579 1012 651 probandus„
1059 597 1151 628 non
1177 578 1239 627 est
1255 584 1343 628 mei
1374 581 1441 629 vel
1464 586 1528 631 in-

116 655 251 716 genii,
283 653 354 701 vel
372 657 503 702 aetatis
524 651 740 716 judicare:
773 658 934 722 quippe
955 654 1027 721 qui
1048 668 1102 698 ne
1124 647 1326 697 admirari
1348 649 1526 717 quidem

116 718 210 769 satis
233 723 387 771 eorum
406 727 605 788 virorum
623 723 869 773 doctrinam
895 740 979 789 pro
1002 723 1159 770 merito
1184 717 1366 786 possem.
1437 726 1526 772 Ve-

116 809 217 840 rum
236 792 438 860 equidem
457 797 503 842 in
522 794 707 857 Polybio
728 795 984 842 brevitatem
1011 809 1103 839 non
1121 787 1360 853 desydero,
1389 795 1434 840 in
1456 796 1527 842 Li-

115 865 190 910 vio
207 862 429 912 interdum
449 861 622 912 fortasse
639 862 803 931 aliquid
814 865 962 912 latius:
992 859 1161 910 flosculi
1181 878 1285 909 vero
1303 858 1527 912 sententia-

116 950 216 981 rum
236 951 346 999 quos
367 938 485 1000 operi
505 931 581 993 suo
602 936 806 997 Polybius
821 931 990 989 inserit,
1022 935 1164 998 magis
1185 929 1386 999 profecio
1415 937 1525 982 mihi

116 1006 325 1051 mentem*
342 1004 527 1070 implent
548 1042 562 1062 ‚
603 1023 735 1072 quam
760 1017 960 1073 portenta
982 1005 1117 1059 Livii,
1151 1016 1278 1070 atque
1297 1001 1526 1069 prodigia:

117 1070 224 1140 quid
245 1077 363 1122 enim
382 1073 469 1122 dici
487 1078 635 1124 minus
653 1073 859 1124 credibile
877 1073 1172 1140 potest,qua1n
1195 1085 1267 1120 aut
1286 1071 1527 1140 apparuisse

115 1144 266 1192 Deum
289 1145 532 1194 Annibali?
588 1160 661 1194 aut
689 1149 933 1212 ingenuum
960 1141 1174 1191 infantem
1203 1140 1450 1191 semestrem
1478 1149 1525 1194 in

114 1211 218 1263 foro
230 1214 417 1263 olitorio
439 1219 713 1282 triumphum
743 1212 969 1267 clamasse?
1006 1226 1077 1261 aut
1099 1214 1261 1264 bovem
1279 1212 1353 1262 sua
1372 1211 1525 1281 sponte

114 1286 161 1332 in
180 1288 350 1332 tertiam
369 1289 743 1355 contignationem
765 1281 1023 1339 ascendisse?
1060 1298 1134 1332 aut
1160 1286 1206 1332 in
1229 1302 1336 1351 agro
1364 1287 1526 1333 Piceno

116 1352 329 1420 lapidibus
349 1353 499 1425 pluiffe
521 1361 540 1404 2
586 1370 660 1410 aut
678 1354 794 1412 aliud
827 1354 1054 1424 quidpiam
1079 1351 1330 1416 hujusmodi
1355 1352 1525 1404 facium

38 1433 46 1440 '
115 1421 229 1472 ess'e?
265 1437 359 1495 quae
378 1445 444 1479 res
467 1445 521 1479 ne
545 1428 599 1478 ab
629 1445 683 1481 eo
705 1425 886 1496 quidem
911 1423 1006 1474 sunt
1031 1422 1226 1482 creditae,
1261 1444 1286 1473 a
1313 1440 1399 1492 quo
1429 1422 1527 1474 scri«

115 1495 302 1553 buntur,
328 1515 410 1550 nec
440 1494 583 1564 digna:
612 1495 710 1547 sunt
740 1496 835 1566 'quae
863 1501 911 1545 in
934 1493 1112 1550 somniis
1139 1493 1236 1543 visae
1267 1493 1527 1549 referantur:

116 1583 221 1616 nam
252 1563 306 1613 de
333 1567 511 1635 obliqua
542 1572 738 1627 oratione
762 1565 1042 1617 manifestum
1071 1564 1155 1623 est,
1204 1563 1310 1635 quid
1340 1567 1527 1633 Trogus

116 1638 349 1702 Pompejus
384 1634 585 1686 senserit:
620 1643 693 1706 qui
713 1675 727 1695 ,
769 1651 819 1686 ut
844 1636 1026 1687 Iustinus
1055 1634 1210 1693 refert,
1254 1640 1301 1686 in
1323 1639 1450 1685 Livio
1479 1641 1527 1686 ἀ

115 1704 316 1754 Sallustio
345 1706 657 1774 reprehendere
686 1706 872 1765 solebat7
908 1703 1030 1776 quod
1061 1710 1295 1755 conciones
1329 1705 1529 1767 directas,

114 1793 197 1846 pro
215 1773 289 1824 sua
307 1781 532 1841 oratione2
561 1783 683 1846 operi
709 1776 786 1827 suo
817 1773 1068 1834 inserendo,
1103 1775 1307 1826 Historiae
1335 1775 1527 1827 modum

114 1843 392 1899 exceffiffent.
462 1847 549 1902 Sed
569 1867 660 1918 quo
680 1840 820 1914 magis
852 1853 898 1897 in
924 1851 1012 1902 hoc
1039 1849 1222 1915 v'agatur
1244 1851 1382 1896 oratio
1411 1867 1528 1910 mea²

114 1933 169 1964 eo
190 1920 331 1984 magis
350 1932 562 1985 augentur
579 1923 689 1969 mihi
707 1919 874 1979 ludius,
910 1923 957 1971 ἀ
980 1915 1301 1970 conuniseratio
1322 1917 1528 1986 quaedam

115 1985 170 2036 de
199 2000 316 2035 tanta
345 1986 506 2046 clade4
551 1992 798 2059 jadhiraque
829 1990 1054 2038 librorum.
1086 2052 1088 2054 V
1124 1991 1166 2039 O
1194 1987 1228 2040 fi
1256 1987 1529 2043 revivisceret

113 2055 338 2120 Polybius,
369 2073 495 2127 atque
512 2063 627 2109 hanc
645 2057 939 2110 deformatam
960 2061 1104 2126 opeiis
1124 2056 1188 2107 sui
1204 2056 1367 2108 faciem
1389 2078 1528 2128 agno.

113 2123 246 2175 sceret
266 2165 280 2186 ‚
324 2132 399 2177 vix
428 2131 582 2183 odkava
609 2128 671 2179 sui
698 2144 818 2198 parte
845 2127 1112 2196 superstitis3
1166 2147 1299 2197 quam
1329 2129 1528 2191 moleste,

112 2215 246 2268 quam
265 2202 478 2264 graviter,
509 2220 642 2268 quarn
674 2202 825 2250 acerbe
853 2198 985 2253 ferret
1001 2199 1186 2267 perlatos
1207 2219 1231 2250 a
1253 2197 1295 2247 se
1314 2199 1526 2253 incassum

111 2279 179 2319 tot
207 2269 403 2327 labores,
436 2283 501 2318 tot
529 2269 682 2319 frustra
710 2270 932 2338 evigilatas
965 2271 1142 2327 nodies,
1176 2283 1243 2318 tot
1270 2290 1295 2323 a
1323 2267 1366 2318 se
1390 2268 1526 2323 susce·

111 2351 230 2408 pm,
259 2351 349 2388 tam
375 2342 494 2388 brevi
518 2355 717 2408 tempore
735 2345 976 2394 evanituras
1002 2353 1129 2408 atque
1154 2337 1375 2394 occasuras
1405 2345 1528 2407 cogi-

112 2411 318 2462 tationes!
355 2414 621 2479 Qanquam
648 2409 835 2463 eandem
867 2408 1092 2459 fortunam
1123 2410 1195 2459 alii
1221 2428 1398 2479 quoque
1429 2412 1527 2465 infi-

111 2481 214 2535 niti‚
248 2493 340 2528 tam
357 2485 485 2546 graeci
497 2519 514 2545 ‚¹
544 2501 679 2550 quam
697 2482 821 2531 latini
840 2484 1039 2530 authores
1058 2478 1153 2529 sunt
1174 2487 1363 2548 experti:
1392 2500 1529 2546 quan·

101 2561 208 2597 ‘tum
229 2553 349 2599 enim
369 2554 414 2599 in
435 2565 613 2617 utraque
631 2553 782 2619 lingua
800 2571 825 2600 a
845 2549 1103 2600 doetiffimis
1122 2554 1222 2599 viris
1243 2552 1442 2600 relidium
1463 2551 1530 2606 le-

17 2681 20 2684 *
95 2621 278 2687 gimus!
313 2621 570 2690 quantulum
589 2622 649 2672 est
659 2660 677 2681 2
701 2620 822 2688 quod
850 2618 1038 2694 superest
1066 2621 1301 2676 librorum!
1331 2627 1416 2673 &c
1434 2652 1451 2662 -
1473 2652 1489 2662 ·
1509 2647 1529 2667 ⁴

87 2694 118 2718 „A

631 2780 1077 2808 *ἢ

930 2964 958 2996 a
996 2960 1021 3009 5
1391 2941 1538 2996 V1N-
