1780 3268
481 222 557 253 At>
584 223 799 254 pontu.
838 221 992 256 xxvi.
1026 222 1064 256 2.
1101 223 1140 267 3.
1365 202 1445 264 575

1486 273 1677 309 ===2

93 323 247 369 facturn
273 329 375 367 erat.
434 322 653 379 Sedllnunc
672 325 840 381 quidem
857 356 870 377 ‚
900 324 1136 380 relegentes·
1154 325 1198 370 &
1219 319 1356 369 denuo
1377 339 1446 367 ex·
1482 332 1577 380 Vqrs.
1601 308 1662 373 xo.

94 399 479 454 pendentes.totum
499 397 639 440 locum
651 427 664 449 ,
693 395 945 452 conjecturae
964 397 1025 439 isti
1043 411 1308 454 praepropere
1326 412 1372 439 ac
1391 404 1451 439 te·

96 483 213 512 mere
241 483 324 514 nos⁴
347 469 549 512 indulfiss'e
577 469 873 524 intelligimus:
913 469 1006 511 sane
1038 471 1305 512 vim-nullam
1333 469 1446 510 vide-

97 555 213 593 mus,
240 555 335 598 quae
355 542 554 596 particula
572 533 877 583 'incommode
893 540 1020 583 ineffe
1045 539 1187 598 possit,
1215 541 1445 597 praesertim

87 612 127 655 ·fi
146 614 298 656 deinde
317 621 511 656 tenemus
529 613 595 665 (ut
608 612 787 654 tenenda
808 611 883 666 est)
894 613 1086 655 codicum
1096 614 1337 669 scripturam
1360 609 1385 652 οἷ
1397 608 1445 663 φ’

95 674 152 727 ὧν
172 681 283 741 ἡμᾶς
314 685 548 740 ἱστοροῦμεν
566 678 758 739 χρόνων,
788 684 829 726 id
851 684 932 734 est,
959 697 986 726 a
1003 698 1080 741 quo
1110 691 1286 740 tempore
1307 685 1449 743 nostra

94 758 236 812 incipit
260 756 455 815 histem,-
502 769 596 811 quae
626 756 751 798 verba
778 757 1012 812 referuntur
1042 758 1091 798 ad
1122 771 1171 798 ea
1198 770 1292 813 quae
1324 756 1372 799 de
1390 757 1448 798 in-

88 829 282 887 staurato
311 826 362 872 69³
394 827 640 885 amplificato
664 824 830 880 foedere
866 825 1107 870 Achoeorum
1138 830 1244 872 libro
1270 829 1446 872 secundo

99 901 372 945 Historiarum
397 900 557 942 suarum
584 899 841 954 exposuerat.
918 900 1066 955 Neque
1097 914 1196 943 vem
1229 915 1282 943 eo
1310 900 1447 956 magis

101 973 237 1018 rursus
256 971 482 1015 casauboni
501 978 572 1014 aut
590 971 750 1014 Reiskii
770 971 978 1027 probanda
997 973 1103 1014 ratio
1127 973 1312 1023 videtur,
1346 987 1446 1028 qua—

99 1059 192 1088 rum
213 1051 358 1087 neutra
375 1044 469 1086 satis
490 1043 712 1085 commoda
730 1043 802 1085 est.
833 1041 1049 1086 Sententia
1065 1045 1254 1100 proxime
1270 1045 1445 1100 sequens
1523 1055 1528 1065 ¹

103 1115 218 1172 Vers.
237 1130 292 1160 u.
307 1115 443 1158 rursus
464 1115 512 1157 ab
533 1115 676 1156 eadem
697 1114 897 1169 particula
927 1110 1006 1157 ὅτι
1030 1116 1190 1172 incipit,
1218 1117 1289 1160 ubi
1306 1117 1442 1159 rursus

25 1221 29 1226 -
98 1190 224 1240 nibil,
253 1201 336 1243 quo
356 1187 426 1229 illa
443 1186 668 1240 referatur,
695 1194 765 1228 aut
785 1188 897 1242 quod
918 1186 969 1228 ad
993 1187 1225 1232 membrum
1243 1188 1445 1231 orationis

99 1262 149 1304 ab
167 1256 228 1303 ‘circ
248 1259 467 1315 incipiens,
487 1259 599 1302 velut
619 1256 808 1314 apodofis
829 1250 1075 1314 adprotafin
1094 1261 1307 1312 referatur,
1334 1274 1447 1303 com-

100 1340 230 1391 paret.
261 1331 368 1380 Quae
387 1344 466 1372 nos
488 1329 804 1378 considerantes,
837 1331 894 1372 ita
913 1331 1033 1386 plane
1056 1331 1314 1375 statuendum
1331 1339 1446 1388 puta-

98 1416 215 1456 mus,
243 1403 486 1460 particulam
507 1403 619 1444 illam
647 1401 693 1445 &
713 1402 916 1445 hoc‘vers.
932 1414 995 1447 10.
1023 1402 1067 1447 &
1086 1403 1187 1446 vers.
1203 1415 1217 1445 1
1233 1415 1266 1446 ι.
1292 1405 1443 1447 eodem

98 1478 332 1534 pertinere,
374 1488 458 1530 quo
481 1475 661 1531 pertinet
688 1475 833 1516 eadem
853 1475 1072 1529 particula,
1114 1474 1236 1517 initio
1262 1476 1446 1530 cujusvis

99 1549 277 1604 Eclogae
296 1547 609 1602 a-compilatore
639 1547 760 1599 (tam
775 1547 822 1587 'in
852 1545 1027 1603 Eclogis
1056 1548 1109 1589 de
1133 1547 1448 1603 Legationibus,

99 1625 221 1679 quam
248 1622 291 1662 in
321 1619 403 1661 illis
430 1619 482 1660 de
509 1616 691 1661 virts&
715 1616 861 1671 vitiis)
885 1620 984 1674 poni
1013 1618 1126 1662 solita
1135 1628 1302 1674 ;„q‘uam
1330 1620 1384 1662 ob
1403 1620 1444 1661 id

101 1694 232 1749 ipsum
253 1691 487 1734 constanter
513 1702 590 1731 nos
609 1688 843 1753 omisimuffl
867 1691 967 1746 quia
994 1705 1079 1733 non
1100 1705 1124 1733 a
1142 1691 1339 1747 Polybio,
1377 1692 1445 1734 sed

68 1795 70 1797 »
102 1781 126 1809 a
147 1764 420 1820 compilatore
440 1761 511 1813 est,
541 1759 587 1803 δε
608 1761 788 1806 refertur
805 1762 856 1804 ad
872 1763 913 1806 id
934 1764 1044 1818 quod
1067 1764 1274 1806 interdum
1297 1763 1445 1806 diserte

101 1838 252 1893 adjecit
282 1834 554 1888 compilator,
583 1833 658 1876 sed,
679 1834 922 1890 plerumque
952 1835 1269 1891 intelligendum
1295 1834 1444 1879 lectori

100 1907 287 1963 reliquit,
312 1921 461 1963 nempe
486 1904 610 1963 φησὶν
629 1902 657 1947 ’ὁ
679 1901 905 1961 Πολύβιος,
934 1905 978 1954 &
999 1905 1054 1948 fic
1081 1908 1122 1950 in
1153 1907 1244 1950 aliis
1269 1907 1444 1964 Eclogis

101 1994 156 2023 ex
174 1980 264 2022 aliis
282 1979 549 2036 scriptoribus
565 1979 789 2034 excerptis,
799 1978 923 2034 φησὶν
942 1974 962 2020 ὁ
982 1975 1099 2031 Δίων,
1121 1977 1141 2021 o‘
1160 1974 1349 2036 Διόδωρος
1361 1979 1446 2023 &c.

100 2051 362 2108 Suspicamur
390 2052 541 2107 igitur,
582 2049 628 2093 ὅτ
661 2063 781 2106 paene
804 2050 1032 2106 persuasum
1059 2051 1284 2105 habemus,
1323 2049 1447 2108 Poly-

100 2123 214 2167 bium
233 2123 316 2166 hoc
335 2123 456 2175 loco,
475 2151 477 2153 -
497 2137 549 2165 ex
567 2121 782 2164 oecafione
800 2135 945 2164 eorum
956 2147 983 2174 ,ι
1017 2136 1113 2179 quae
1134 2124 1186 2165 de
1212 2119 1444 2166 ‘callicratis

99 2196 339 2251 proditione
358 2196 486 2247 dixit,
514 2195 647 2238 varias
665 2195 734 2250 (ut
752 2194 867 2244 solet,
898 2195 967 2237 ubi
987 2193 1031 2236 in
1050 2195 1446 2251 ejusmodi-aliquem

101 2266 244 2308 locum
263 2266 431 2321 incidit)
449 2267 763 2310 observationes
795 2267 986 2321 variaque
1013 2266 1170 2309 monita
1200 2265 1446 2318 cumulaffe3

103 2351 207 2394 quas
227 2338 535 2382 observationes
556 2339 805 2395 compilator
827 2338 976 2386 noster,
1009 2339 1079 2393 qui
1101 2352 1186 2380 non
1209 2338 1282 2382 nifi
1302 2354 1351 2381 ea
1371 2353 1447 2395 po-

100 2406 324 2463 tiffimum,
359 2423 454 2465 quae
475 2413 525 2455 ad
548 2411 798 2467 Legationes
825 2411 1107 2466 pertinebant,
1137 2423 1360 2467 excerpere
1381 2412 1451 2454 de-

101 2481 214 2528 buit,
253 2482 465 2538 plerasque
492 2481 754 2539 praetermifit
769 2512 782 2533 ,
828 2495 954 2525 unam
979 2484 1106 2526 modo
1131 2482 1177 2526 δε
1205 2483 1375 2526 alteram
1395 2498 1449 2526 ex

103 2554 259 2595 ceteris
288 2554 464 2610 selegit,
509 2554 554 2597 ἃ
584 2555 699 2598 suum
731 2555 831 2598 illud
856 2546 929 2596 ὅτι·
954 2567 1039 2610 pro·
1061 2569 1179 2597 more
1216 2555 1452 2611 praeposuit.

99 2622 322 2668 Sententia
335 2639 428 2682 quae
452 2627 533 2669 hoc
552 2627 654 2669 vers:
671 2638 733 2670 ιο.
752 2627 1001 2675 continetur,
1015 2628 1056 2669 in
1074 2628 1336 2670 connexione
1353 2640 1450 2669 cum

105 2694 406 2752 superioribus,
446 2711 540 2754 quae
569 2698 835 2753 praetermiffa
860 2700 909 2741 ab
933 2701 1211 2754 epitomatore
1239 2699 1353 2751 sunt,
1383 2700 1449 2741 his

102 2767 243 2810 verbis
262 2778 458 2824 putamus
475 2786 498 2812 a
521 2771 697 2826 Polybio
715 2769 963 2813 efferebatur
976 2783 988 2812 :
1002 2782 1004 2784 ’
1018 2771 1089 2814 τοῦ
1107 2771 1149 2813 δὲ
1169 2771 1247 2814 τῶν
1266 2768 1451 2825 Ἀχαιῶν

94 2830 250 2888 ,ἔθνους
272 2838 359 2885 &c.
416 2842 552 2899 Igitur
570 2856 648 2899 pro
666 2856 716 2885 ea
735 2843 916 2896 ratione,
954 2855 1077 2898 quam
1104 2856 1185 2886 nos
1209 2845 1452 2898 ceteroquin

92 2927 94 2929 ·
1408 2928 1453 2958 m
