<?xml version="1.0" encoding="UTF-8"?>
<!DOCTYPE html PUBLIC "-//W3C//DTD XHTML 1.0 Transitional//EN"
    "http://www.w3.org/TR/xhtml1/DTD/xhtml1-transitional.dtd">
<html xmlns="http://www.w3.org/1999/xhtml" xml:lang="en" lang="en">
 <head>
  <title>
</title>
<meta http-equiv="Content-Type" content="text/html;charset=utf-8" />
  <meta name='ocr-system' content='tesseract 3.04.00' />
  <meta name='ocr-capabilities' content='ocr_page ocr_carea ocr_par ocr_line ocrx_word'/>
</head>
<body>
  <div class='ocr_page' id='page_1' title='image "./historiarumquidq07polyuoft_0603.png"; bbox 0 0 1780 3268; ppageno 0'>
   <div class='ocr_carea' id='block_1_1' title="bbox 11 215 1459 421">
    <p class='ocr_par' dir='ltr' id='par_1_1' title="bbox 11 215 1459 421">
     <span class='ocr_line' id='line_1_1' title="bbox 1374 215 1459 275; baseline 0.047 -4"><span class='ocrx_word' id='word_1_1' title='bbox 1374 215 1459 275; x_wconf 79' lang='lat'>569</span> 
     </span>
     <span class='ocr_line' id='line_1_2' title="bbox 11 348 1424 421; baseline -0.006 -20"><span class='ocrx_word' id='word_1_2' title='bbox 11 410 15 421; x_wconf 76' lang='lat'>,</span> <span class='ocrx_word' id='word_1_3' title='bbox 110 348 1424 399; x_wconf 51' lang='lat'>**÷**4÷÷÷**÷***÷**÷*</span> 
     </span>
    </p>
   </div>
   <div class='ocr_carea' id='block_1_2' title="bbox 453 536 1121 605">
    <p class='ocr_par' dir='ltr' id='par_1_2' title="bbox 453 536 1121 605">
     <span class='ocr_line' id='line_1_3' title="bbox 453 536 1121 605; baseline -0.003 -11"><span class='ocrx_word' id='word_1_4' title='bbox 453 536 1121 605; x_wconf 74' lang='lat' dir='ltr'><strong>ADNOTATIONES</strong></span> 
     </span>
    </p>
   </div>
   <div class='ocr_carea' id='block_1_3' title="bbox 734 708 831 739">
    <p class='ocr_par' dir='ltr' id='par_1_3' title="bbox 734 708 831 739">
     <span class='ocr_line' id='line_1_4' title="bbox 734 708 831 739; baseline -0.021 0"><span class='ocrx_word' id='word_1_5' title='bbox 734 708 831 739; x_wconf 66' lang='lat' dir='ltr'>AD</span> 
     </span>
    </p>
   </div>
   <div class='ocr_carea' id='block_1_4' title="bbox 184 785 1388 893">
    <p class='ocr_par' dir='ltr' id='par_1_4' title="bbox 184 785 1388 893">
     <span class='ocr_line' id='line_1_5' title="bbox 184 785 1388 893; baseline 0.001 -1"><span class='ocrx_word' id='word_1_6' title='bbox 184 819 586 893; x_wconf 81' lang='lat' dir='ltr'>POLYBH</span> <span class='ocrx_word' id='word_1_7' title='bbox 659 785 1388 893; x_wconf 80' lang='lat' dir='ltr'><strong>HISTORIARVM</strong></span> 
     </span>
    </p>
   </div>
   <div class='ocr_carea' id='block_1_5' title="bbox 197 986 1289 1227">
    <p class='ocr_par' dir='ltr' id='par_1_5' title="bbox 197 986 1289 1227">
     <span class='ocr_line' id='line_1_6' title="bbox 519 986 1071 1036; baseline 0.002 -2"><span class='ocrx_word' id='word_1_8' title='bbox 519 987 818 1035; x_wconf 88' lang='lat' dir='ltr'><strong>LIBRI</strong></span> <span class='ocrx_word' id='word_1_9' title='bbox 885 986 1071 1036; x_wconf 88' lang='lat' dir='ltr'><strong>XXVI.</strong></span> 
     </span>
     <span class='ocr_line' id='line_1_7' title="bbox 197 1134 1289 1227; baseline 0 -32"><span class='ocrx_word' id='word_1_10' title='bbox 197 1134 1289 1227; x_wconf 64' lang='lat' dir='ltr'>vREL1QV1AS.</span> 
     </span>
    </p>
   </div>
   <div class='ocr_carea' id='block_1_6' title="bbox 571 1309 1669 1380">
    <p class='ocr_par' dir='ltr' id='par_1_6' title="bbox 571 1309 1669 1380">
     <span class='ocr_line' id='line_1_8' title="bbox 571 1309 1669 1380; baseline -0.003 -25"><span class='ocrx_word' id='word_1_11' title='bbox 571 1309 979 1380; x_wconf 70' lang='grc' dir='ltr'><strong>ρΑΡνΤι.</strong></span> <span class='ocrx_word' id='word_1_12' title='bbox 1491 1346 1669 1373; x_wconf 63' lang='grc'>--</span> 
     </span>
    </p>
   </div>
   <div class='ocr_carea' id='block_1_7' title="bbox 115 1391 1705 1530">
    <p class='ocr_par' dir='ltr' id='par_1_7' title="bbox 115 1391 1705 1530">
     <span class='ocr_line' id='line_1_9' title="bbox 115 1391 1705 1485; baseline 0.002 -47"><span class='ocrx_word' id='word_1_13' title='bbox 115 1391 283 1480; x_wconf 83' lang='lat' dir='ltr'>Series</span> <span class='ocrx_word' id='word_1_14' title='bbox 300 1394 551 1452; x_wconf 85' lang='lat' dir='ltr'><strong>Eclogarum</strong></span> <span class='ocrx_word' id='word_1_15' title='bbox 575 1397 630 1444; x_wconf 85' lang='lat' dir='ltr'>de</span> <span class='ocrx_word' id='word_1_16' title='bbox 646 1398 944 1455; x_wconf 79' lang='lat' dir='ltr'>Legationibus</span> <span class='ocrx_word' id='word_1_17' title='bbox 964 1397 1111 1451; x_wconf 80' lang='lat' dir='ltr'>docet,</span> <span class='ocrx_word' id='word_1_18' title='bbox 1136 1396 1242 1439; x_wconf 85' lang='lat' dir='ltr'>hanc</span> <span class='ocrx_word' id='word_1_19' title='bbox 1260 1394 1557 1485; x_wconf 55' lang='lat' dir='ltr'>EclogamLstg</span> <span class='ocrx_word' id='word_1_20' title='bbox 1571 1400 1705 1483; x_wconf 61' lang='grc' dir='ltr'><strong>ΧΧινΙ.</strong></span> 
     </span>
     <span class='ocr_line' id='line_1_10' title="bbox 205 1459 1659 1530; baseline 0 -19"><span class='ocrx_word' id='word_1_21' title='bbox 205 1467 353 1512; x_wconf 89' lang='lat' dir='ltr'><strong>LVIII.</strong></span> <span class='ocrx_word' id='word_1_22' title='bbox 373 1482 498 1530; x_wconf 84' lang='lat' dir='ltr'>agere</span> <span class='ocrx_word' id='word_1_23' title='bbox 515 1471 568 1513; x_wconf 89' lang='lat' dir='ltr'>de</span> <span class='ocrx_word' id='word_1_24' title='bbox 586 1483 633 1512; x_wconf 86' lang='lat' dir='ltr'>re</span> <span class='ocrx_word' id='word_1_25' title='bbox 650 1471 741 1526; x_wconf 87' lang='lat' dir='ltr'>post</span> <span class='ocrx_word' id='word_1_26' title='bbox 760 1484 914 1516; x_wconf 83' lang='lat' dir='ltr'>annum</span> <span class='ocrx_word' id='word_1_27' title='bbox 933 1480 1015 1525; x_wconf 86' lang='lat'>574</span> <span class='ocrx_word' id='word_1_28' title='bbox 1042 1470 1113 1523; x_wconf 85' lang='lat' dir='ltr'>(ad</span> <span class='ocrx_word' id='word_1_29' title='bbox 1134 1482 1258 1525; x_wconf 89' lang='lat' dir='ltr'>quem</span> <span class='ocrx_word' id='word_1_30' title='bbox 1285 1471 1464 1530; x_wconf 78' lang='lat' dir='ltr'>pertine·</span> <span class='ocrx_word' id='word_1_31' title='bbox 1557 1459 1611 1494; x_wconf 65' lang='lat' dir='ltr'>‘P‘</span> <span class='ocrx_word' id='word_1_32' title='bbox 1645 1473 1659 1488; x_wconf 83' lang='lat'><em>⁰</em></span> 
     </span>
    </p>
   </div>
   <div class='ocr_carea' id='block_1_8' title="bbox 1491 1372 1660 1384">
    <p class='ocr_par' dir='ltr' id='par_1_8' title="bbox 1491 1372 1660 1384">
     <span class='ocr_line' id='line_1_11' title="bbox 1491 1372 1660 1384; baseline 0 1884"><span class='ocrx_word' id='word_1_33' title='bbox 1491 1372 1660 1384; x_wconf 95' lang='lat' dir='ltr'> </span> 
     </span>
    </p>
   </div>
   <div class='ocr_carea' id='block_1_9' title="bbox 27 1538 1467 1601">
    <p class='ocr_par' dir='ltr' id='par_1_9' title="bbox 27 1538 1467 1601">
     <span class='ocr_line' id='line_1_12' title="bbox 27 1538 1467 1601; baseline 0.002 -19"><span class='ocrx_word' id='word_1_34' title='bbox 27 1538 30 1540; x_wconf 62' lang='grc'>’</span> <span class='ocrx_word' id='word_1_35' title='bbox 118 1538 219 1582; x_wconf 86' lang='lat' dir='ltr'><strong>bant</strong></span> <span class='ocrx_word' id='word_1_36' title='bbox 229 1539 317 1584; x_wconf 90' lang='lat' dir='ltr'><strong>Ecl.</strong></span> <span class='ocrx_word' id='word_1_37' title='bbox 326 1539 436 1585; x_wconf 92' lang='lat' dir='ltr'><strong>LVI.</strong></span> <span class='ocrx_word' id='word_1_38' title='bbox 453 1540 498 1583; x_wconf 74' lang='grc' dir='ltr'>δι</span> <span class='ocrx_word' id='word_1_39' title='bbox 510 1540 662 1593; x_wconf 82' lang='lat' dir='ltr'><strong>LVII.)</strong></span> <span class='ocrx_word' id='word_1_40' title='bbox 673 1542 812 1600; x_wconf 53' lang='lat' dir='ltr'>gestan,</span> <span class='ocrx_word' id='word_1_41' title='bbox 828 1556 923 1585; x_wconf 82' lang='lat' dir='ltr'>nam</span> <span class='ocrx_word' id='word_1_42' title='bbox 940 1542 1078 1601; x_wconf 78' lang='lat' dir='ltr'>agitur</span> <span class='ocrx_word' id='word_1_43' title='bbox 1099 1541 1166 1584; x_wconf 86' lang='lat' dir='ltr'>hic</span> <span class='ocrx_word' id='word_1_44' title='bbox 1186 1542 1241 1584; x_wconf 83' lang='lat' dir='ltr'>de</span> <span class='ocrx_word' id='word_1_45' title='bbox 1256 1540 1467 1596; x_wconf 77' lang='lat' dir='ltr'>legatione</span> 
     </span>
    </p>
   </div>
   <div class='ocr_carea' id='block_1_10' title="bbox 118 1610 1476 2176">
    <p class='ocr_par' dir='ltr' id='par_1_10' title="bbox 118 1610 1476 2176">
     <span class='ocr_line' id='line_1_13' title="bbox 118 1610 1470 1670; baseline 0.002 -16"><span class='ocrx_word' id='word_1_46' title='bbox 118 1610 297 1654; x_wconf 84' lang='lat' dir='ltr'><strong>Romam</strong></span> <span class='ocrx_word' id='word_1_47' title='bbox 325 1612 374 1659; x_wconf 85' lang='lat' dir='ltr'>ab</span> <span class='ocrx_word' id='word_1_48' title='bbox 402 1612 573 1656; x_wconf 83' lang='lat' dir='ltr'>Achaeis</span> <span class='ocrx_word' id='word_1_49' title='bbox 598 1612 735 1665; x_wconf 83' lang='lat' dir='ltr'>miffa,</span> <span class='ocrx_word' id='word_1_50' title='bbox 784 1628 879 1670; x_wconf 84' lang='lat' dir='ltr'>quae</span> <span class='ocrx_word' id='word_1_51' title='bbox 907 1613 1074 1657; x_wconf 85' lang='lat' dir='ltr'>decerni</span> <span class='ocrx_word' id='word_1_52' title='bbox 1105 1613 1270 1669; x_wconf 78' lang='lat' dir='ltr'>quidem</span> <span class='ocrx_word' id='word_1_53' title='bbox 1292 1612 1338 1656; x_wconf 88' lang='lat'>&amp;</span> <span class='ocrx_word' id='word_1_54' title='bbox 1360 1613 1470 1657; x_wconf 80' lang='lat' dir='ltr'>mitti</span> 
     </span>
     <span class='ocr_line' id='line_1_14' title="bbox 118 1680 1471 1740; baseline 0.003 -16"><span class='ocrx_word' id='word_1_55' title='bbox 118 1683 260 1738; x_wconf 80' lang='lat' dir='ltr'>potuit</span> <span class='ocrx_word' id='word_1_56' title='bbox 278 1680 430 1730; x_wconf 83' lang='lat' dir='ltr'>eode&#39;m</span> <span class='ocrx_word' id='word_1_57' title='bbox 446 1697 554 1727; x_wconf 87' lang='lat' dir='ltr'>anno</span> <span class='ocrx_word' id='word_1_58' title='bbox 567 1695 664 1739; x_wconf 81' lang='lat'><strong>574.</strong></span> <span class='ocrx_word' id='word_1_59' title='bbox 687 1686 755 1729; x_wconf 90' lang='lat' dir='ltr'>sed</span> <span class='ocrx_word' id='word_1_60' title='bbox 765 1686 912 1730; x_wconf 84' lang='lat' dir='ltr'><strong>Romae</strong></span> <span class='ocrx_word' id='word_1_61' title='bbox 933 1699 1018 1728; x_wconf 85' lang='lat' dir='ltr'>non</span> <span class='ocrx_word' id='word_1_62' title='bbox 1038 1691 1134 1727; x_wconf 85' lang='lat' dir='ltr'>ante</span> <span class='ocrx_word' id='word_1_63' title='bbox 1150 1685 1356 1740; x_wconf 83' lang='lat' dir='ltr'>sequentis</span> <span class='ocrx_word' id='word_1_64' title='bbox 1375 1686 1471 1728; x_wconf 87' lang='lat' dir='ltr'>anni</span> 
     </span>
     <span class='ocr_line' id='line_1_15' title="bbox 119 1754 1469 1803; baseline 0.002 -7"><span class='ocrx_word' id='word_1_65' title='bbox 119 1754 286 1799; x_wconf 84' lang='lat' dir='ltr'>initium</span> <span class='ocrx_word' id='word_1_66' title='bbox 306 1770 329 1800; x_wconf 82' lang='lat' dir='ltr'><strong>a</strong></span> <span class='ocrx_word' id='word_1_67' title='bbox 347 1755 470 1799; x_wconf 84' lang='lat' dir='ltr'>novis</span> <span class='ocrx_word' id='word_1_68' title='bbox 488 1757 723 1800; x_wconf 78' lang='lat' dir='ltr'>consulibus</span> <span class='ocrx_word' id='word_1_69' title='bbox 745 1757 788 1799; x_wconf 87' lang='lat' dir='ltr'>in</span> <span class='ocrx_word' id='word_1_70' title='bbox 806 1757 992 1800; x_wconf 86' lang='lat' dir='ltr'>senatum</span> <span class='ocrx_word' id='word_1_71' title='bbox 1009 1755 1242 1800; x_wconf 63' lang='lat' dir='ltr'>introduRa</span> <span class='ocrx_word' id='word_1_72' title='bbox 1263 1757 1334 1803; x_wconf 88' lang='lat' dir='ltr'>est.</span> <span class='ocrx_word' id='word_1_73' title='bbox 1386 1758 1469 1800; x_wconf 88' lang='lat' dir='ltr'>Ne-</span> 
     </span>
     <span class='ocr_line' id='line_1_16' title="bbox 122 1823 1474 1886; baseline 0.001 -15"><span class='ocrx_word' id='word_1_74' title='bbox 122 1839 206 1882; x_wconf 82' lang='lat' dir='ltr'>que</span> <span class='ocrx_word' id='word_1_75' title='bbox 228 1840 331 1872; x_wconf 82' lang='lat' dir='ltr'>vero</span> <span class='ocrx_word' id='word_1_76' title='bbox 349 1827 539 1884; x_wconf 86' lang='lat' dir='ltr'>longius,</span> <span class='ocrx_word' id='word_1_77' title='bbox 584 1843 707 1886; x_wconf 85' lang='lat' dir='ltr'><strong>quam</strong></span> <span class='ocrx_word' id='word_1_78' title='bbox 733 1823 778 1872; x_wconf 79' lang='lat' dir='ltr'>in</span> <span class='ocrx_word' id='word_1_79' title='bbox 803 1843 954 1871; x_wconf 84' lang='lat' dir='ltr'>annum</span> <span class='ocrx_word' id='word_1_80' title='bbox 981 1829 1071 1884; x_wconf 85' lang='lat' dir='ltr'>post</span> <span class='ocrx_word' id='word_1_81' title='bbox 1095 1839 1188 1883; x_wconf 82' lang='lat'><strong>574.</strong></span> <span class='ocrx_word' id='word_1_82' title='bbox 1208 1829 1398 1885; x_wconf 81' lang='lat' dir='ltr'>proxime</span> <span class='ocrx_word' id='word_1_83' title='bbox 1417 1829 1474 1874; x_wconf 84' lang='lat' dir='ltr'>se-</span> 
     </span>
     <span class='ocr_line' id='line_1_17' title="bbox 121 1899 1476 1958; baseline 0.005 -19"><span class='ocrx_word' id='word_1_84' title='bbox 121 1905 321 1954; x_wconf 84' lang='lat' dir='ltr'>quentem</span> <span class='ocrx_word' id='word_1_85' title='bbox 336 1930 347 1951; x_wconf 94' lang='lat'><strong><em>,</em></strong></span> <span class='ocrx_word' id='word_1_86' title='bbox 377 1899 598 1957; x_wconf 88' lang='lat' dir='ltr'>rejicienda</span> <span class='ocrx_word' id='word_1_87' title='bbox 619 1901 702 1944; x_wconf 87' lang='lat' dir='ltr'>visa</span> <span class='ocrx_word' id='word_1_88' title='bbox 719 1900 779 1944; x_wconf 90' lang='lat' dir='ltr'>est</span> <span class='ocrx_word' id='word_1_89' title='bbox 797 1902 942 1946; x_wconf 75' lang='lat' dir='ltr'>eadeffi</span> <span class='ocrx_word' id='word_1_90' title='bbox 961 1901 1052 1944; x_wconf 82' lang='lat' dir='ltr'>haec</span> <span class='ocrx_word' id='word_1_91' title='bbox 1069 1902 1251 1958; x_wconf 87' lang='lat' dir='ltr'>Ecloga‚</span> <span class='ocrx_word' id='word_1_92' title='bbox 1280 1903 1476 1957; x_wconf 86' lang='lat' dir='ltr'>quoniam.</span> 
     </span>
     <span class='ocr_line' id='line_1_18' title="bbox 123 1969 1474 2029; baseline 0.001 -16"><span class='ocrx_word' id='word_1_93' title='bbox 123 1969 262 2028; x_wconf 79' lang='lat' dir='ltr'>agitur</span> <span class='ocrx_word' id='word_1_94' title='bbox 280 1971 332 2013; x_wconf 89' lang='lat' dir='ltr'>de</span> <span class='ocrx_word' id='word_1_95' title='bbox 349 1984 418 2023; x_wconf 82' lang='lat' dir='ltr'>re,</span> <span class='ocrx_word' id='word_1_96' title='bbox 458 1985 581 2028; x_wconf 88' lang='lat' dir='ltr'>quam</span> <span class='ocrx_word' id='word_1_97' title='bbox 594 1972 678 2029; x_wconf 85' lang='lat' dir='ltr'>jam</span> <span class='ocrx_word' id='word_1_98' title='bbox 704 1973 866 2029; x_wconf 85' lang='lat' dir='ltr'>pridem</span> <span class='ocrx_word' id='word_1_99' title='bbox 883 1979 1006 2029; x_wconf 83' lang='lat' dir='ltr'>atque</span> <span class='ocrx_word' id='word_1_100' title='bbox 1034 1973 1141 2028; x_wconf 89' lang='lat' dir='ltr'>saepe</span> <span class='ocrx_word' id='word_1_101' title='bbox 1168 1972 1339 2016; x_wconf 71' lang='lat' dir='ltr'>Achaeis</span> <span class='ocrx_word' id='word_1_102' title='bbox 1361 1987 1474 2016; x_wconf 85' lang='lat' dir='ltr'><strong>com-</strong></span> 
     </span>
     <span class='ocr_line' id='line_1_19' title="bbox 121 2041 1475 2102; baseline 0.002 -18"><span class='ocrx_word' id='word_1_103' title='bbox 121 2041 392 2086; x_wconf 81' lang='lat' dir='ltr'>mendaverat</span> <span class='ocrx_word' id='word_1_104' title='bbox 407 2042 570 2089; x_wconf 85' lang='lat' dir='ltr'>senatus</span> <span class='ocrx_word' id='word_1_105' title='bbox 588 2041 825 2095; x_wconf 80' lang='lat' dir='ltr'>Romanus,</span> <span class='ocrx_word' id='word_1_106' title='bbox 870 2057 1022 2100; x_wconf 87' lang='lat' dir='ltr'>nempe</span> <span class='ocrx_word' id='word_1_107' title='bbox 1047 2044 1095 2087; x_wconf 82' lang='lat' dir='ltr'>de</span> <span class='ocrx_word' id='word_1_108' title='bbox 1114 2046 1278 2102; x_wconf 83' lang='lat' dir='ltr'>reliquis</span> <span class='ocrx_word' id='word_1_109' title='bbox 1298 2058 1349 2086; x_wconf 80' lang='lat' dir='ltr'>ex</span> <span class='ocrx_word' id='word_1_110' title='bbox 1370 2051 1475 2087; x_wconf 77' lang='lat' dir='ltr'>vete·</span> 
     </span>
     <span class='ocr_line' id='line_1_20' title="bbox 125 2112 1475 2176; baseline 0.003 -21"><span class='ocrx_word' id='word_1_111' title='bbox 125 2113 189 2159; x_wconf 83' lang='lat' dir='ltr'>ris</span> <span class='ocrx_word' id='word_1_112' title='bbox 221 2113 388 2172; x_wconf 79' lang='lat' dir='ltr'><em>Sparta:</em></span> <span class='ocrx_word' id='word_1_113' title='bbox 418 2112 620 2176; x_wconf 83' lang='lat' dir='ltr'>exsulibus</span> <span class='ocrx_word' id='word_1_114' title='bbox 650 2117 692 2159; x_wconf 84' lang='lat' dir='ltr'>in</span> <span class='ocrx_word' id='word_1_115' title='bbox 716 2117 903 2172; x_wconf 83' lang='lat' dir='ltr'>patriam</span> <span class='ocrx_word' id='word_1_116' title='bbox 929 2115 1191 2166; x_wconf 67' lang='lat' dir='ltr'>restituendis.</span> <span class='ocrx_word' id='word_1_117' title='bbox 1258 2117 1322 2160; x_wconf 88' lang='lat' dir='ltr'>De</span> <span class='ocrx_word' id='word_1_118' title='bbox 1351 2118 1475 2159; x_wconf 87' lang='lat' dir='ltr'>rebus</span> 
     </span>
    </p>
   </div>
   <div class='ocr_carea' id='block_1_11' title="bbox 127 2186 1478 2316">
    <p class='ocr_par' dir='ltr' id='par_1_11' title="bbox 127 2186 1478 2316">
     <span class='ocr_line' id='line_1_21' title="bbox 127 2186 1476 2248; baseline 0.002 -20"><span class='ocrx_word' id='word_1_119' title='bbox 127 2192 269 2229; x_wconf 81' lang='lat' dir='ltr'>autem</span> <span class='ocrx_word' id='word_1_120' title='bbox 299 2189 394 2230; x_wconf 85' lang='lat' dir='ltr'>anni</span> <span class='ocrx_word' id='word_1_121' title='bbox 425 2189 475 2231; x_wconf 88' lang='lat' dir='ltr'>ab</span> <span class='ocrx_word' id='word_1_122' title='bbox 498 2186 552 2232; x_wconf 92' lang='lat' dir='ltr'>V.</span> <span class='ocrx_word' id='word_1_123' title='bbox 563 2187 609 2233; x_wconf 87' lang='lat' dir='ltr'>C.</span> <span class='ocrx_word' id='word_1_124' title='bbox 635 2199 730 2243; x_wconf 82' lang='lat'><strong>575.</strong></span> <span class='ocrx_word' id='word_1_125' title='bbox 758 2187 885 2244; x_wconf 87' lang='lat' dir='ltr'>egiffe</span> <span class='ocrx_word' id='word_1_126' title='bbox 919 2188 1137 2248; x_wconf 84' lang='lat' dir='ltr'>Polybium</span> <span class='ocrx_word' id='word_1_127' title='bbox 1166 2186 1292 2231; x_wconf 82' lang='lat' dir='ltr'><em>Libro</em></span> <span class='ocrx_word' id='word_1_128' title='bbox 1303 2188 1476 2241; x_wconf 81' lang='lat' dir='ltr'><em>XXVI,</em></span> 
     </span>
     <span class='ocr_line' id='line_1_22' title="bbox 129 2257 1478 2316; baseline 0.001 -16"><span class='ocrx_word' id='word_1_129' title='bbox 129 2257 323 2302; x_wconf 85' lang='lat' dir='ltr'><strong>discimus</strong></span> <span class='ocrx_word' id='word_1_130' title='bbox 347 2273 400 2302; x_wconf 78' lang='lat' dir='ltr'>ex</span> <span class='ocrx_word' id='word_1_131' title='bbox 420 2259 618 2303; x_wconf 83' lang='lat' dir='ltr'>Athenaei</span> <span class='ocrx_word' id='word_1_132' title='bbox 634 2261 731 2303; x_wconf 89' lang='lat' dir='ltr'><strong>Ioco</strong></span> <span class='ocrx_word' id='word_1_133' title='bbox 752 2261 848 2311; x_wconf 83' lang='lat' dir='ltr'>illo,</span> <span class='ocrx_word' id='word_1_134' title='bbox 878 2273 1002 2316; x_wconf 89' lang='lat' dir='ltr'>quam</span> <span class='ocrx_word' id='word_1_135' title='bbox 1027 2261 1076 2302; x_wconf 83' lang='lat' dir='ltr'>ad</span> <span class='ocrx_word' id='word_1_136' title='bbox 1099 2274 1187 2316; x_wconf 85' lang='lat' dir='ltr'><strong>cap.</strong></span> <span class='ocrx_word' id='word_1_137' title='bbox 1201 2270 1223 2314; x_wconf 79' lang='grc' dir='ltr'><em>ς</em></span> <span class='ocrx_word' id='word_1_138' title='bbox 1238 2288 1251 2308; x_wconf 87' lang='grc'><strong>,</strong></span> <span class='ocrx_word' id='word_1_139' title='bbox 1270 2272 1309 2313; x_wconf 85' lang='grc'>7.</span> <span class='ocrx_word' id='word_1_140' title='bbox 1341 2261 1478 2316; x_wconf 85' lang='lat' dir='ltr'>profe-</span> 
     </span>
    </p>
   </div>
   <div class='ocr_carea' id='block_1_12' title="bbox 128 2331 1673 2964">
    <p class='ocr_par' dir='ltr' id='par_1_12' title="bbox 128 2331 1673 2964">
     <span class='ocr_line' id='line_1_23' title="bbox 128 2331 1590 2388; baseline 0.001 -16"><span class='ocrx_word' id='word_1_141' title='bbox 128 2342 286 2373; x_wconf 76' lang='lat' dir='ltr'>remus·</span> <span class='ocrx_word' id='word_1_142' title='bbox 342 2331 381 2374; x_wconf 84' lang='lat' dir='ltr'>A</span> <span class='ocrx_word' id='word_1_143' title='bbox 410 2344 493 2387; x_wconf 89' lang='lat' dir='ltr'>quo</span> <span class='ocrx_word' id='word_1_144' title='bbox 524 2345 633 2374; x_wconf 84' lang='lat' dir='ltr'>anno</span> <span class='ocrx_word' id='word_1_145' title='bbox 658 2345 787 2388; x_wconf 90' lang='lat' dir='ltr'>quum</span> <span class='ocrx_word' id='word_1_146' title='bbox 815 2346 923 2375; x_wconf 86' lang='lat' dir='ltr'>nova</span> <span class='ocrx_word' id='word_1_147' title='bbox 950 2332 1122 2387; x_wconf 81' lang='lat' dir='ltr'>incipiat</span> <span class='ocrx_word' id='word_1_148' title='bbox 1151 2331 1371 2387; x_wconf 82' lang='lat' dir='ltr'>Olympias</span> <span class='ocrx_word' id='word_1_149' title='bbox 1388 2364 1400 2382; x_wconf 90' lang='lat'><strong><em>‚</em></strong></span> <span class='ocrx_word' id='word_1_150' title='bbox 1430 2331 1481 2374; x_wconf 88' lang='lat' dir='ltr'>ab</span> <span class='ocrx_word' id='word_1_151' title='bbox 1565 2354 1590 2363; x_wconf 55' lang='grc' dir='ltr'>-ν</span> 
     </span>
     <span class='ocr_line' id='line_1_24' title="bbox 131 2391 1481 2462; baseline 0.001 -19"><span class='ocrx_word' id='word_1_152' title='bbox 131 2391 319 2461; x_wconf 68' lang='lat' dir='ltr'>ejdsdem,</span> <span class='ocrx_word' id='word_1_153' title='bbox 340 2403 435 2450; x_wconf 78' lang='lat' dir='ltr'>anni</span> <span class='ocrx_word' id='word_1_154' title='bbox 470 2405 616 2455; x_wconf 86' lang='lat' dir='ltr'>rebus,</span> <span class='ocrx_word' id='word_1_155' title='bbox 665 2405 736 2462; x_wconf 89' lang='lat' dir='ltr'>qui</span> <span class='ocrx_word' id='word_1_156' title='bbox 764 2403 824 2450; x_wconf 89' lang='lat' dir='ltr'>est</span> <span class='ocrx_word' id='word_1_157' title='bbox 854 2417 984 2446; x_wconf 87' lang='lat' dir='ltr'>annus</span> <span class='ocrx_word' id='word_1_158' title='bbox 1008 2405 1189 2458; x_wconf 84' lang='lat' dir='ltr'>primum</span> <span class='ocrx_word' id='word_1_159' title='bbox 1220 2404 1481 2460; x_wconf 81' lang='lat' dir='ltr'>Olympiadis</span> 
     </span>
     <span class='ocr_line' id='line_1_25' title="bbox 131 2471 1480 2531; baseline 0.002 -16"><span class='ocrx_word' id='word_1_160' title='bbox 131 2471 216 2515; x_wconf 84' lang='lat' dir='ltr'>CL.</span> <span class='ocrx_word' id='word_1_161' title='bbox 233 2471 432 2530; x_wconf 64' lang='lat' dir='ltr'>cceptum</span> <span class='ocrx_word' id='word_1_162' title='bbox 460 2474 541 2518; x_wconf 80' lang='lat' dir='ltr'>esse</span> <span class='ocrx_word' id='word_1_163' title='bbox 561 2476 671 2521; x_wconf 85' lang='lat' dir='ltr'><strong>hunc</strong></span> <span class='ocrx_word' id='word_1_164' title='bbox 696 2476 847 2519; x_wconf 85' lang='lat' dir='ltr'>librum</span> <span class='ocrx_word' id='word_1_165' title='bbox 867 2490 890 2518; x_wconf 88' lang='lat' dir='ltr'>a</span> <span class='ocrx_word' id='word_1_166' title='bbox 921 2475 1125 2531; x_wconf 76' lang='lat' dir='ltr'>Polybio,</span> <span class='ocrx_word' id='word_1_167' title='bbox 1162 2477 1480 2519; x_wconf 81' lang='lat' dir='ltr'>consentaneum</span> 
     </span>
     <span class='ocr_line' id='line_1_26' title="bbox 133 2545 737 2598; baseline 0.007 -12"><span class='ocrx_word' id='word_1_168' title='bbox 133 2545 238 2590; x_wconf 89' lang='lat' dir='ltr'>mihi</span> <span class='ocrx_word' id='word_1_169' title='bbox 257 2546 510 2598; x_wconf 66' lang='lat' dir='ltr'>visumerat.</span> <span class='ocrx_word' id='word_1_170' title='bbox 733 2586 737 2597; x_wconf 70' lang='grc'><em>,</em></span> 
     </span>
     <span class='ocr_line' id='line_1_27' title="bbox 229 2612 1673 2676; baseline -0.001 -17"><span class='ocrx_word' id='word_1_171' title='bbox 229 2615 339 2673; x_wconf 70' lang='lat' dir='ltr'>Verjfi</span> <span class='ocrx_word' id='word_1_172' title='bbox 363 2633 396 2662; x_wconf 86' lang='lat'>1.</span> <span class='ocrx_word' id='word_1_173' title='bbox 420 2614 694 2676; x_wconf 63' lang='lat' dir='ltr'>‘Tnspssoc&#39;rom</span> <span class='ocrx_word' id='word_1_174' title='bbox 729 2615 990 2674; x_wconf 74' lang='grc' dir='ltr'>’Τπερβοιτοῧ</span> <span class='ocrx_word' id='word_1_175' title='bbox 1009 2618 1109 2661; x_wconf 81' lang='lat' dir='ltr'><strong>Bav.</strong></span> <span class='ocrx_word' id='word_1_176' title='bbox 1166 2639 1224 2653; x_wconf 86' lang='lat'>--·</span> <span class='ocrx_word' id='word_1_177' title='bbox 1278 2616 1383 2666; x_wconf 63' lang='lat' dir='ltr'>mid.</span> <span class='ocrx_word' id='word_1_178' title='bbox 1410 2632 1481 2668; x_wconf 63' lang='grc' dir='ltr'>γε·</span> <span class='ocrx_word' id='word_1_179' title='bbox 1521 2612 1616 2654; x_wconf 68' lang='lat' dir='ltr'>Verf·</span> <span class='ocrx_word' id='word_1_180' title='bbox 1638 2618 1673 2659; x_wconf 58' lang='lat'>¹6</span> 
     </span>
     <span class='ocr_line' id='line_1_28' title="bbox 134 2685 1487 2747; baseline 0.001 -18"><span class='ocrx_word' id='word_1_181' title='bbox 134 2685 457 2747; x_wconf 68' lang='grc' dir='ltr'><strong><em>γραμμένων.</em></strong></span> <span class='ocrx_word' id='word_1_182' title='bbox 516 2691 613 2734; x_wconf 86' lang='lat' dir='ltr'>Non</span> <span class='ocrx_word' id='word_1_183' title='bbox 634 2692 784 2737; x_wconf 83' lang='lat' dir='ltr'>damno</span> <span class='ocrx_word' id='word_1_184' title='bbox 820 2687 1191 2746; x_wconf 69' lang='grc' dir='ltr'><em>γραφομένων,</em></span> <span class='ocrx_word' id='word_1_185' title='bbox 1232 2691 1342 2746; x_wconf 88' lang='lat' dir='ltr'>quod</span> <span class='ocrx_word' id='word_1_186' title='bbox 1365 2691 1487 2732; x_wconf 81' lang='lat' dir='ltr'>habet</span> 
     </span>
     <span class='ocr_line' id='line_1_29' title="bbox 136 2752 1487 2821; baseline 0 -18"><span class='ocrx_word' id='word_1_187' title='bbox 136 2757 227 2803; x_wconf 88' lang='lat' dir='ltr'><strong>Vrs.</strong></span> <span class='ocrx_word' id='word_1_188' title='bbox 255 2759 366 2804; x_wconf 87' lang='lat' dir='ltr'>Vide</span> <span class='ocrx_word' id='word_1_189' title='bbox 389 2762 622 2821; x_wconf 75' lang='lat' dir='ltr'>verss4seq.</span> <span class='ocrx_word' id='word_1_190' title='bbox 681 2762 764 2805; x_wconf 90' lang='lat' dir='ltr'>Sed</span> <span class='ocrx_word' id='word_1_191' title='bbox 792 2752 986 2818; x_wconf 82' lang='lat' dir='ltr'>quoniam</span> <span class='ocrx_word' id='word_1_192' title='bbox 1014 2763 1054 2805; x_wconf 89' lang='lat' dir='ltr'>id</span> <span class='ocrx_word' id='word_1_193' title='bbox 1088 2764 1201 2819; x_wconf 91' lang='lat' dir='ltr'>quod</span> <span class='ocrx_word' id='word_1_194' title='bbox 1226 2763 1487 2809; x_wconf 81' lang='lat' dir='ltr'>commodius</span> 
     </span>
     <span class='ocr_line' id='line_1_30' title="bbox 135 2828 1489 2896; baseline 0.001 -21"><span class='ocrx_word' id='word_1_195' title='bbox 135 2830 195 2878; x_wconf 84' lang='lat' dir='ltr'>est</span> <span class='ocrx_word' id='word_1_196' title='bbox 225 2828 341 2879; x_wconf 77' lang='lat' dir='ltr'>dedit</span> <span class='ocrx_word' id='word_1_197' title='bbox 371 2833 468 2881; x_wconf 86' lang='lat' dir='ltr'><strong>Bav.</strong></span> <span class='ocrx_word' id='word_1_198' title='bbox 497 2836 563 2891; x_wconf 87' lang='lat' dir='ltr'>(in</span> <span class='ocrx_word' id='word_1_199' title='bbox 592 2849 676 2896; x_wconf 83' lang='lat' dir='ltr'>quo</span> <span class='ocrx_word' id='word_1_200' title='bbox 705 2834 808 2882; x_wconf 83' lang='lat' dir='ltr'>nihil</span> <span class='ocrx_word' id='word_1_201' title='bbox 839 2846 1035 2890; x_wconf 84' lang='lat' dir='ltr'><strong>umquam</strong></span> <span class='ocrx_word' id='word_1_202' title='bbox 1067 2846 1118 2876; x_wconf 82' lang='lat' dir='ltr'>ex</span> <span class='ocrx_word' id='word_1_203' title='bbox 1137 2834 1291 2882; x_wconf 81' lang='lat' dir='ltr'>librarii</span> <span class='ocrx_word' id='word_1_204' title='bbox 1319 2834 1489 2893; x_wconf 85' lang='lat' dir='ltr'>ingenio</span> 
     </span>
     <span class='ocr_line' id='line_1_31' title="bbox 485 2905 1499 2964; baseline -0.002 -15"><span class='ocrx_word' id='word_1_205' title='bbox 485 2918 490 2922; x_wconf 86' lang='lat'>·</span> <span class='ocrx_word' id='word_1_206' title='bbox 926 2905 1003 2951; x_wconf 92' lang='lat' dir='ltr'>Nn</span> <span class='ocrx_word' id='word_1_207' title='bbox 1032 2915 1057 2964; x_wconf 79' lang='lat'>5</span> <span class='ocrx_word' id='word_1_208' title='bbox 1363 2913 1499 2949; x_wconf 81' lang='lat' dir='ltr'>muta-</span> 
     </span>
    </p>
   </div>
  </div>
 </body>
</html>
