1780 3268
442 228 517 259 An
550 227 766 275 POLYB.
796 227 936 258 xxxx.
962 225 1031 258 20.
1065 226 1133 258 21.
1164 225 1235 259 22.
1412 225 1494 270 471

1505 314 1508 317 Δ
1528 290 1705 311 m

135 329 447 386 Apolloniade,
486 342 610 386 quam
636 330 836 372 habemus
865 329 936 372 lib.
954 328 1114 374 XXIII.
1144 344 1180 372 o.
1208 334 1270 381 ¹8·
1310 329 1376 374 Ac
1405 329 1496 374 fieri
1536 348 1631 390 γάρ,
1653 359 1689 389 Ι,-

141 403 308 458 quidem
329 402 486 457 potest,
515 409 562 444 ut
593 403 634 444 in
655 401 766 444 illius
794 402 889 443 anni
908 401 1030 443 rebus
1058 401 1196 444 rursus
1216 402 1397 458 ejusdem
1417 403 1497 444 Or·

57 490 66 494 *
141 473 343 528 tiagontis
358 474 613 515 mentionem
632 473 834 528 Polybius
853 461 1072 524 fecerit,ac
1092 471 1256 516 fortaffe
1277 473 1491 518 occafione

141 544 282 586 obitus
301 545 412 587 illius
430 545 615 601 elogium
634 545 715 587 hoc
732 545 972 602 subjecerit:
1003 559 1099 589 nam
1121 559 1174 588 ex
1192 546 1308 591 clade
1321 547 1490 602 quidem

138 630 211 667 ea,
239 614 362 671 quam
381 616 464 658 hoc
484 630 592 660 anno
609 614 884 672 graviffimam
906 615 1003 672 paffi
1020 617 1110 660 sunt
1138 616 1245 660 Galli
1265 618 1327 661 isti
1347 616 1487 662 Afiam

135 688 383 737 incolentes,
401 688 655 740 incolumem
674 687 834 730 evafiffe
856 687 1148 744 Ortiagontem
1166 690 1412 745 intelligitur
1433 703 1488 731 ex

135 761 198 803 eis
220 774 314 816 quae
334 776 358 803 e
379 761 555 815 Polybio
577 760 817 803 Plutarchus
837 761 1004 808 retulit,
1036 759 1153 812 (vide
1171 761 1252 804 hoc
1272 775 1362 817 cap.
1382 761 1485 804 vers.

139 844 158 875 1
171 832 292 888 19&
309 833 455 876 diserte
476 833 620 875 Livius
637 831 883 875 xxxvm.
902 843 969 886 24.
994 833 1177 879 testatur.
1192 825 1197 833 ²
1234 832 1316 876 Sed
1342 831 1485 889 pasfim

134 906 262 949 etiam
281 905 597 951 observavimus,
610 903 745 945 alieno
757 903 853 952 loco
871 905 1079 949 interdum
1092 907 1281 963 eclogam
1294 906 1484 960 aliquam,

133 978 341 1022 minorem
362 975 586 1032 praesertim
599 1006 611 1026 ,
641 975 878 1030 (putamus,
927 990 1023 1032 quae
1041 978 1173 1021 statim
1195 977 1373 1036 margini
1388 977 1485 1021 fuis-

134 1050 194 1096 set
210 1048 422 1104 inscripta)
449 1049 492 1089 in
511 1047 615 1090 serie-
634 1046 877 1105 eclogarum
905 1049 1167 1092 collocatam.

221 1131 331 1190 Vi’tjs.
355 1144 394 1188 5.
424 1127 638 1188 Χιομάραν
656 1131 698 1174 δὲ
717 1132 800 1176 διε.
856 1134 1013 1178 Totam
1030 1137 1308 1181 narrationem
1329 1153 1382 1183 ex
1402 1139 1481 1181 Po·
1517 1137 1611 1178 νει-Γ.
1632 1145 1668 1185 ς.

128 1208 247 1263 lybio
268 1205 442 1249 sumfiffe
465 1205 748 1256 Plutarchum,
786 1218 883 1247 cum
902 1220 954 1248 ex
975 1208 1079 1250 vers.
1099 1221 1161 1251 12.
1180 1209 1367 1265 suspicari
1378 1211 1481 1252 lice-

129 1281 222 1331 bat,
253 1286 342 1322 tum
361 1292 414 1320 ex
431 1277 656 1321 collatione
678 1277 787 1319 Livii
817 1277 1069 1335 intelligitur
1083 1311 1096 1332 ‚
1129 1282 1202 1338 qui
1224 1296 1276 1325 ex
1298 1282 1477 1340 Polybio

126 1352 320 1401 >eamdem
335 1364 427 1395 rem
448 1355 585 1394 narrat
601 1348 840 1395 XXXVIII.
857 1360 933 1408 24.

532 1524 636 1600 CA
665 1526 698 1569 P
728 1524 772 1571 v
804 1525 845 1569 T
911 1525 1081 1571 xxm.
1179 1496 1181 1499 ¹
1487 1496 1577 1584 cap.
1600 1538 1714 1574 xxn.

219 1611 332 1670 Verfi
356 1626 393 1658 1.
421 1609 529 1665 μετοὲ
549 1610 621 1670 τήν
637 1615 714 1658 τῶν
729 1615 930 1659 Γαλατῶν
941 1611 1073 1668 νίκην,
1102 1612 1190 1672 post
1219 1619 1475 1670 reportatam
1514 1613 1610 1651 vers.
1639 1623 1678 1653 1·

82 1725 87 1729 ,
124 1683 174 1728 de
186 1686 316 1730 Gallis
334 1685 560 1731 vifforiam.
603 1687 714 1732 Vide
738 1685 1255 1741 Liv.XXXV111.,19-24.
1285 1686 1477 1749 Breviter

123 1772 215 1800 rem
234 1759 375 1814 tetigit
390 1759 570 1815 Appian.
590 1758 750 1817 Syriae.
775 1775 813 1803 c.
825 1770 895 1817 42.
914 1759 982 1802 ubi
1004 1759 1099 1800 dein
1128 1756 1227 1800 illud
1255 1772 1473 1814 argumen-

121 1836 214 1872 tum
237 1831 514 1886 persequitur,
554 1833 665 1888 quod
686 1832 763 1874 hac
791 1832 942 1886 ecloga
963 1830 1163 1885 Polybius
1193 1831 1388 1885 exponit,
1419 1831 1473 1872 de

32 1893 34 1896 ¹
121 1914 208 1957 quo
228 1902 337 1944 conf.
357 1903 520 1946 Livium
540 1904 568 1946 l.
586 1919 623 1946 c.
643 1918 732 1961 cap.
753 1914 820 1958 25.
878 1902 922 1948 V
924 1903 1021 1948 erba
1039 1898 1170 1943 αὐτῶν
1189 1901 1468 1957 προαχθὲῗσαν,
1530 1896 1550 1899 „

120 1987 217 2030 quae
246 1974 386 2016 inserit
406 1976 446 2016 h.
465 1976 493 2017 l.
512 1976 608 2017 Bav.
640 1976 901 2032 compilatori
931 1975 1134 2018 debentur
1162 1981 1472 2030 excerptorum,

119 2045 418 2102 nonpolybio.
448 2069 507 2080 -
534 2046 640 2090 Ibid.
667 2048 760 2104 περ)
779 2042 850 2103 τήν
863 2041 1080 2102 ’Ἄγκυραν
1097 2040 1215 2087 πόλιν
1232 2045 1314 2090 ὄις.
1359 2045 1470 2090 Vide

119 2115 288 2160 Livium
308 2119 380 2162 lib.
400 2120 471 2162 cit.
494 2133 582 2175 cap.
597 2120 741 2175 25&
767 2120 946 2177 Appian.
963 2119 991 2162 l.
1011 2133 1051 2161 c.
1085 2117 1304 2174 perperam
1322 2110 1470 2169 ’'va.

117 2205 192 2245 ραν
211 2190 311 2233 Bav.
773 2193 785 2203 ⁸

177 2273 288 2331 Vevs.
302 2287 341 2318 2.
374 2274 767 2333 κοινολογησομένους
787 2278 970 2320 correxit
986 2274 1154 2319 casaub.
1191 2277 1467 2332 κοινολογησσι-
1487 2269 1582 2310 νέῐῗ-
1601 2278 1620 2305 2
1633 2267 1705 2317 sqq·

116 2345 260 2399 μένους
276 2347 525 2392 Vrfin.'cum
546 2351 702 2392 msstis.
761 2369 834 2380 --
876 2346 991 2403 Vers.
1013 2360 1053 2402 4.
1074 2340 1135 2390 ὅτι
1162 2344 1257 2397 τούς
1275 2343 1468 2405 πρώτους.

117 2420 313 2464 Mendose
332 2418 392 2461 ἔτι
410 2415 500 2467 τούς
516 2421 614 2463 Bav.
671 2443 730 2453 ·--
786 2420 892 2463 Ibiol.
928 2419 1326 2476 κοινολογησσμένους
1352 2419 1467 2464 reste

117 2505 228 2534 nunc
248 2490 381 2536 Vr-sm.
399 2490 444 2534 &
466 2492 572 2547 seqq.
594 2493 660 2535 sed
680 2494 982 2548 κοινολογησαμ.
1001 2492 1138 2535 rursus
1156 2493 1254 2535 Bav.
1295 2490 1411 2548 Vers.
1431 2503 1469 2547 5.

119 2558 428 2626 στρατοπεδείαις
449 2562 613 2606 Casaub.
637 2564 679 2607 δι
698 2566 780 2620 sqq.
801 2579 898 2606 cum
908 2564 1004 2607 Bav.
1033 2562 1323 2619 στρατοπεδιόες
1335 2563 1471 2610 Vrfin.

118 2634 168 2678 V
164 2633 235 2691 ers.
248 2648 290 2690 7.
316 2630 600 2690 ἐπιθήσοντας.
630 2631 909 2692 ἐπιδήσαντας
931 2637 1027 2680 Bav.
1085 2654 1144 2668 ....
1192 2635 1309 2693 Vers.
1328 2649 1368 2693 9·
1400 2635 1472 2679 πέ-

118 2721 193 2761 ραν
213 2707 285 2749 τοῦ
306 2699 476 2755 ‘'AI-uec.
501 2708 594 2761 τοῦ,
620 2710 732 2767 quod
753 2709 894 2754 aberat
913 2708 1041 2766 vulgo
1050 2739 1064 2762 ,
1102 2709 1346 2754 inseruimus
1375 2723 1474 2753 cum

118 2778 219 2822 Bav.
1414 2790 1417 2796 '

817 2903 904 2966 (ἴε
925 2916 956 2964 4
1065 2935 1070 2938 >
1355 2906 1472 2965 Vevfi
