1780 3268
451 267 549 303 'Ao
580 269 793 301 POLYB.
826 267 957 299 xxu.
994 252 1064 298 26.
1344 264 1461 310 479⁴

1463 333 1641 356 m

1 377 4 380 ’
78 393 175 422 cum
195 376 249 420 fic
269 372 328 420 est
345 366 676 418 commentatus:
706 404 731 425 „
740 371 796 415 Et
815 371 883 414 hic
901 383 1068 427 quoque
1086 369 1206 414 locus
1223 366 1435 412 haud'scio
1478 394 1572 434 Vers-
1595 399 1650 438 ¹3·

79 465 132 493 an
150 451 317 506 integer
332 446 395 490 fit.
429 446 599 493 Liviana
617 452 730 487 certe
753 442 884 486 verfio
904 439 1069 498 Pol'ybii
1093 442 1217 484 verba
1237 443 1279 483 in
1300 447 1437 484 totum

82 536 168 565 non
191 519 396 576 exprimit,
427 529 522 573 quae
545 516 598 558 fic
620 517 766 559 habet:
797 514 953 558 tradito
974 513 1025 559 Εἴ
1043 527 1167 558 naves
1184 515 1342 568 longas,
1368 525 1438 554 ar-

82 598 364 647 mamentaque
380 603 521 632 earum
533 603 549 630 .·
575 601 668 631 neve
685 589 838 642 plures,
868 601 991 643 quam
1010 586 1140 629 decem
1159 598 1284 629 naves
1304 582 1439 627 afflua-

2 716 4 729 s
70 666 211 723 ‘riasj
241 663 351 706 nulla
379 675 555 718 quarum
576 657 787 716 plusquam
806 659 949 701 XXX
967 659 1092 702 remis
1115 664 1297 714 agatur,
1323 654 1441 698 habe-

84 743 155 780 to:
193 748 289 778 neve
318 747 518 776 monerem
547 732 710 774 ex‘belli
729 729 882 792 causay·
924 730 1038 787 quod·
1057 729 1136 786 ipfi‘
1155 731 1348 773 illaturus
1368 727 1440 784 fit.

83 808 183 853 Vox
225 801 491 858 ἐλαυνόμενον
530 805 579 846 ad
615 804 725 846 Livii
760 802 970 845 affluar-ias
1003 805 1165 847 videtur
1195 801 1439 844 referenda:

4 907 6 910 >
82 880 281 936 fiquidem
304 877 510 927 affluarioe,
539 876 649 931 quod
669 877 796 918 remis
818 881 1053 930 agerentur,
1082 873 1205 917 diffie
1223 873 1326 916 sunt.
1365 871 1440 915 Su-

87 953 222 1006 spicor
248 958 411 1000 autern,
451 950 657 991 abundare
678 949 785 1003 apud
806 946 969 989 Livium
995 945 1207 1003 plusquam
1218 960 1236 993 ,-
1273 944 1319 988 &
1347 957 1441 1001 pro,

87 1036 286 1067 monerem
304 1035 378 1073 ex,
408 1021 631 1076 legendum
653 1018 758 1067 esse,
787 1026 831 1061 ut
851 1019 894 1060 in
921 1019 1132 1062 veteribus
1152 1019 1286 1070 libris,
1313 1019 1438 1061 mino-

86 1110 176 1139 rem
193 1107 270 1153 ea:
298 1093 366 1143 &,
397 1101 445 1138 ut
463 1093 586 1134 latina
606 1089 736 1133 verfio
757 1105 851 1133 cum
872 1090 1102 1146 Polybiana
1121 1091 1321 1135 sententia
1339 1103 1439 1132 con-

91 1169 250 1215 veniat,
279 1179 441 1221 repono
465 1178 541 1220 pro
568 1175 636 1214 ea,
677 1176 770 1212 eas,·
808 1163 944 1206 deleta
966 1177 1073 1205 voce
1095 1164 1352 1205 minorem.“
1381 1180 1441 1192 --

89 1241 196 1284 Haec
217 1237 400 1284 Vrfinus.
456 1234 654 1279 Ceterum
675 1236 726 1277 de
746 1236 828 1277 hoc
850 1236 967 1286 loco,
1005 1234 1050 1278 &
1068 1236 1120 1278 de
1140 1235 1250 1277 Livii
1271 1249 1293 1276 a
1314 1234 1442 1289 Poly-

90 1313 160 1356 bio
181 1310 350 1364 dissensu
372 1310 631 1364 conferquae
649 1308 815 1362 copiose
835 1308 1106 1350 commentati
1128 1307 1219 1350 sunt
1250 1307 1354 1351 Livii
1382 1307 1443 1348 in·-

92 1390 299 1440 terpretes
320 1383 369 1424 ad
391 1379 635 1426 XXXVIII·
655 1383 784 1434 38‚8·
843 1379 891 1422 ln
909 1379 1020 1427 loco,
1051 1380 1121 1434 qui
1139 1393 1223 1421 non
1243 1379 1338 1421 satis
1358 1378 1442 1435 pla·

93 1471 173 1500 nus
194 1455 294 1498 mihi
315 1454 421 1497 visus
444 1453 525 1503 est,
556 1451 786 1495 verfionem
811 1451 978 1494 latinam
1005 1451 1230 1494 Casauboni
1253 1451 1475 1493 verbone-1

92 1541 174 1573 nus
192 1528 418 1577 tenuimus,
443 1526 544 1568 licet
563 1538 586 1566 a
605 1525 755 1580 graecis
775 1530 859 1566 tam
871 1521 1119 1577 Vrfinianis,
1151 1536 1272 1579 quam
1285 1522 1448 1573 nostris,

91 1602 404 1656 discrepantem.
461 1597 508 1639 In
530 1597 683 1651 graecis
703 1597 802 1651 quid
820 1594 869 1638 fit
885 1591 978 1651 μηδ’
1005 1590 1131 1638 αὐτὰ
1160 1593 1340 1648 πολέμου
1359 1587 1443 1636 ἕνει
1515 1625 1519 1629 .

93 1688 185 1726 κεν,
217 1672 329 1727 quod
348 1667 517 1715 Vtfinus
537 1668 684 1719 habet,
704 1667 867 1723 prorsus
885 1681 969 1709 non
992 1668 1192 1723 capimus.
1229 1668 1446 1723 Intellige-

59 1768 71 1777 ν
93 1757 260 1792 remus,
306 1741 337 1784 fi
387 1740 486 1783 effet
524 1736 616 1797 μηδ’
660 1736 819 1782 αὐτοῦ
847 1738 1026 1792 πολέμου
1063 1731 1223 1789 ἕνεκεν,
1253 1753 1302 1783 ne
1326 1739 1448 1796 ipsius

96 1817 255 1876 quidem
299 1813 388 1857 belli
419 1811 566 1869 cauffa.
633 1813 792 1862 Placuit
822 1827 942 1856 vero1
968 1812 1156 1855 Bavarici
1178 1812 1335 1854 codicis
1354 1811 1448 1854 scri·

95 1897 242 1946 ptura,
287 1887 597 1931 incommodam
647 1898 798 1928 vocem
849 1884 1012 1941 prorsus
1058 1883 1313 1941 ignorantis,
1348 1884 1449 1940 μηδὲ

96 1959 276 2013 πολέμου
316 1951 436 2001 ἕνεκα
453 1987 466 2006 ,
513 1972 561 2001 ne
596 1957 686 2000 belli
735 1955 892 2014 quidem
932 1954 1087 2013 muffet,
1137 1958 1248 2012 quod
1291 1956 1450 1999 scilicet
1504 1978 1508 1980 ·

100 2034 253 2078 bellum
277 2031 360 2087 ipse
379 2031 567 2073 illaturus
587 2029 699 2072 esset.
759 2029 866 2072 Nam
876 2028 917 2086 fi
949 2027 1002 2071 ab
1021 2028 1115 2072 aliis
1133 2026 1224 2085 ‘ffit
1251 2026 1330 2085 ipse
1351 2028 1448 2071 bello

104 2099 318 2162 lacqffitm,
343 2109 455 2154 tum,
481 2102 830 2159 quemadmodum
850 2116 903 2144 ex
921 2102 1103 2144 foederis
1122 2101 1300 2153 form-ula
1324 2101 1451 2154 (infru
1512 2119 1515 2122 ·

108 2192 152 2221 v.
165 2176 254 2232 24.)
264 2175 340 2230 jus
358 2176 394 2218 ei
413 2181 504 2217 erat
524 2175 665 2217 bellum
682 2173 880 2229 gerendi5
909 2173 963 2215 fic
984 2174 1108 2215 etiam
1130 2187 1181 2214 ex
1200 2174 1346 2215 eadem
1364 2173 1455 2219 fors

103 2250 217 2294 mula
233 2247 291 2291 ad
304 2246 567 2303 repellendum
579 2247 719 2289 bellum
729 2244 806 2301 jus
822 2247 858 2287 ei
877 2251 968 2288 erat
983 2243 1182 2300 pluribus,
1212 2258 1332 2301 quam
1354 2243 1455 2286 alifis

92 2320 285 2364 ‘foedere'
298 2326 467 2376 cautum
484 2319 587 2370 fuit,
633 2318 805 2361 navibus
824 2318 908 2369 uti,
948 2318 1051 2361 teste
1071 2318 1264 2374 Appiano
1291 2318 1333 2358 in
1350 2315 1454 2359 Hist.

91 2391 264 2452 Syriae.
284 2405 321 2434 c.
333 2402 401 2447 39.
420 2392 528 2447 apud
549 2403 673 2445 quem
701 2390 878 2434 formula
904 2390 1087 2432 foederis
1115 2391 1168 2431 de
1199 2389 1373 2431 navibus
1399 2389 1457 2430 ita

36 2467 39 2469 ’
102 2464 244 2507 sonat:
273 2454 385 2511 Nava
404 2461 447 2505 δὲ
463 2458 780 2518 καταφράκτους
801 2459 914 2516 ἔχειν
932 2457 1108 2504 δυώδεκα
1127 2456 1266 2514 μόνοις,
1285 2459 1356 2514 (fic
1372 2461 1456 2511 ille,

28 2572 32 2579 ,
104 2525 191 2579 hon
215 2533 366 2587 δέκκ,)
389 2523 450 2583 οἷς
472 2538 513 2583 ἐς
534 2531 624 2582 τούς
651 2529 844 2590 ὑπηκόους
862 2529 1042 2586 πολέμου
1061 2529 1308 2589 κατάρχειν·
1337 2534 1457 2574 πολε·

104 2604 302 2663 μούμενον
329 2605 393 2658 δὲ,
428 2603 495 2662 not)
510 2601 664 2650 πλείοσι
691 2607 870 2663 χρῆοθοᾳ.
927 2618 1195 2651 Rssxsxuvs,
1241 2605 1477 2661 postquaru

101 2682 288 2733 monuit,
313 2679 357 2723 δι
375 2678 597 2734 Polybium
618 2678 662 2722 &
682 2679 858 2729 Livium,
886 2685 1108 2733 utrumque
1133 2685 1355 2732 corruptos
1376 2676 1458 2717 hoc

102 2752 202 2794 loco
221 2751 490 2802 circumferri,
512 2752 565 2793 de
588 2751 793 2793 medicina
809 2757 948 2794 tamen
968 2763 1051 2791 non
1071 2749 1368 2805 desperandum
1386 2748 1457 2797 ait,

106 2822 153 2867 ἃ
171 2825 336 2880 utrique
355 2823 542 2879 scriptori
559 2821 613 2864 fic
630 2822 724 2865 satis
736 2823 957 2865 commode
975 2822 1133 2864 mederi
1149 2819 1260 2876 poffe
1284 2819 1458 2876 putavit,

105 2893 138 2939 fi
156 2897 264 2954 apud
292 2895 512 2953 Polybium
541 2895 779 2949 legeretur:
817 2893 917 2952 μηδὲ
942 2887 1460 2951 τριακοντάκωπονῦέχέτω

1337 2965 1457 3004 ἐλαυ-
