1832 3282
336 227 477 265 ,xxiv
770 212 987 267 HENR.
1039 208 1322 267 VALESH

357 332 496 403 frugis
523 337 783 389 continebat.
864 341 1109 405 Georgium
1138 357 1312 408 quoque
1336 341 1612 404 Syncellmn,
1640 340 1769 409 ‘quod

357 410 395 457 is
414 424 592 454 mancus
608 424 658 454 ac
675 407 789 456 lacer
806 422 919 465 erat,
952 427 1092 477 neque
1110 410 1248 466 ullum
1263 429 1318 462 ex
1339 417 1426 475 ejus
1446 408 1638 464 editione
1663 429 1768 478 ope-

359 494 415 526 rae
436 481 625 542 pretium
650 474 750 529 fore
776 476 1002 535 videbam,
1042 477 1194 534 itidem
1225 479 1488 546 praetermisi.
1559 482 1767 534 Ceterum

356 548 405 593 in
425 548 605 604 Graeco,
632 562 680 597 ut
700 562 871 604 vocant,
906 561 1041 605 textu,
1072 549 1207 599 multa
1223 548 1318 603 sunt
1336 571 1360 598 a
1377 552 1502 604 nobis
1522 549 1770 609 emendata,

355 617 564 672 nonnulla
585 621 715 669 etiam
734 615 878 667 addita
899 637 949 672 ac
969 615 1183 684 suppleta,
1215 617 1447 686 praesertim
1472 638 1526 669 ex
1546 617 1688 674 Suidae
1707 620 1767 674 le-

357 694 474 740 xico.
543 692 718 756 Qippe
750 685 823 736 hic
859 692 1168 753 grammaticus
1195 709 1298 738 cum
1325 703 1464 739 cetera
1494 690 1768 744 Constantini

355 759 488 811 nostri
509 759 770 809 collcCtanca
790 755 974 809 studiose
993 758 1169 824 legerat,
1185 763 1312 822 (vixit
1332 763 1452 811 enim
1470 778 1592 826 paene
1611 755 1766 822 iisdem

356 830 648 896 temporibus,
688 841 735 876 ut
751 823 934 893 ipsemet
962 831 1102 876 innuit
1128 832 1174 876 in
1193 849 1232 878 v.
1254 820 1568 895 'Adelpdtum
1593 848 1648 880 ex
1676 832 1766 884 hoc

355 913 660 965 excerptorum
678 898 783 964 περὶ
809 896 996 964 Ἀρετῆς
1013 895 1087 962 κα)
1099 902 1279 950 Κακίας
1294 901 1408 948 libro
1423 896 1610 966 'plurima
1627 902 1763 954 iuLsse,

352 973 506 1022 xicum
529 966 653 1017 suum
682 970 889 1031 conjecit,
924 964 1164 1035 suppresso,
1195 983 1242 1021 ut
1262 966 1392 1026 solet,
1425 965 1656 1024 auetorum
1683 974 1763 1019 n'o.

353 1044 487 1089 mine.
573 1036 760 1089 Proinde
789 1038 1035 1089 &Fulvius
1065 1037 1244 1087 Vrfinus
1276 1058 1328 1088 ex
1357 1057 1414 1091 eo
1446 1038 1588 1088 Suidae
1617 1039 1763 1090 lexico

351 1110 488 1172 multa
513 1109 683 1171 Polybii
701 1104 946 1173 fragmenta
967 1107 1168 1174 collegit,
1212 1127 1305 1162 non
1325 1128 1381 1159 ex
1398 1107 1476 1160 ml]
1508 1108 1673 1159 codicis
1689 1127 1785 1163 att-1

351 1181 572 1236 e‘loritate,
602 1192 648 1226 ut
674 1180 839 1244 putavit
860 1173 1165 1235 Casaubonus,
1196 1176 1271 1228 sed
1298 1177 1386 1230 sola
1415 1182 1661 1245 conjectura
1686 1177 1761 1234 ad-

352 1247 535 1306 dudius,
568 1252 615 1300 ὅ(
635 1245 801 1297 indicio
820 1244 941 1310 styli,
975 1251 1045 1315 qui
1072 1248 1359 1310 Polybianum
1386 1247 1494 1316 quid
1521 1248 1679 1299 referre
1698 1253 1761 1300 vi·

351 1317 541 1370 debatur.
614 1320 887 1383 Argumento
919 1315 992 1376 fit,
1031 1317 1151 1384 quod
1180 1319 1315 1371 multa
1346 1320 1535 1383 Polybio
1564 1319 1762 1387 assignat,

349 1408 442 1460 qua:
461 1388 629 1436 alterius
648 1388 832 1439 auctoris
852 1382 972 1435 sunt:
1000 1401 1046 1434 ut
1066 1405 1166 1435 eum
1183 1406 1284 1437 eum
1301 1389 1471 1448 locum,
1499 1394 1574 1459 qui
1587 1387 1761 1445 aSuida

348 1457 546 1509 laudatur
563 1461 608 1505 in
623 1453 1056 1523 ’Λποχςησοὶμενος,
1086 1460 1231 1507 tribuit
1250 1460 1464 1522 Polybio,
1508 1464 1583 1529 qui
1611 1474 1760 1529 tamen

350 1529 412 1578 est
445 1532 615 1578 ioannis
641 1530 899 1578 Antiochcni
920 1565 934 1583 ,
983 1540 1180 1596 extatque
1212 1533 1259 1578 in
1285 1534 1367 1583 hac
1395 1526 1587 1585 editione
1613 1529 1759 1581 nostra
1783 1531 1785 1536 ’

348 1609 577 1667 pag.838.
596 1600 703 1646 item
729 1616 833 1646 cum
860 1597 1040 1649 alterum
1066 1598 1219 1650 locum
1249 1619 1273 1647 a
1293 1596 1431 1658 Suida
1449 1598 1693 1653 addudhm
1710 1602 1759 1650 in

348 1660 558 1726 (badimor,
592 1666 736 1717 eidem
763 1667 949 1730 Polybio
978 1666 1193 1727 vindicat3
1235 1683 1277 1719 at
1305 1674 1338 1719 is
1366 1669 1427 1720 est
1457 1668 1759 1732 desumtusxex

316 1765 319 1773 ι
346 1740 500 1791 Iuliani
517 1751 623 1786 orat.
638 1756 680 1798 3.
749 1740 821 1787 Sic
839 1740 971 1786 etiam
991 1738 1115 1790 locus
1133 1738 1202 1789 ille
1215 1775 1231 1796 2
1263 1758 1395 1807 quem
1414 1737 1693 1794 Cassubonus
1709 1742 1778 1791 in-

344 1808 601 1876 fragmentis
628 1807 799 1871 Polybii
826 1826 871 1875 p.
892 1824 1030 1856 1012.
1068 1806 1122 1856 de
1148 1807 1488 1876 Philopoemene
1525 1810 1758 1868 intellexit,
1799 1838 1801 1840 ·

345 1878 497 1941 Polybi
504 1882 515 1925 i
534 1877 661 1931 nullo
681 1875 822 1931 modo
840 1876 914 1934 ess,
946 1874 1017 1926 sed
1035 1879 1231 1944 elogium
1248 1878 1310 1930 ,est
1322 1880 1483 1930 Valerii
1500 1880 1759 1947 Poplicolae,

342 1967 399 1998 ex
425 1946 628 2010 Dionysii
645 1948 863 2001 Halicarn.
884 1947 956 1996 lib.
970 1952 1025 1997 V.
1096 1954 1190 1997 lam
1215 1949 1336 1998 locus
1369 1949 1439 1999 ille
1467 1948 1522 2000 de
1544 1947 1757 2003 Cretelisl-

342 2019 446 2078 bus,
513 2055 522 2065 .
545 2034 630 2066 101
645 2034 685 2076 3.
705 2018 765 2068 est
785 2035 838 2066 ex
859 2015 1048 2067 Diodori
1067 2019 1198 2067 Siculi
1216 2019 1436 2086 legatione
1452 2021 1616 2073 ultima.
1671 2019 1755 2078 Ibi-

341 2086 446 2143 dem
469 2037 524 2136 <le
539 2084 788 2141 Mass‘auiss‘a
803 2087 924 2137 locus
942 2087 1003 2139 est
1028 2106 1082 2137 ex
1103 2092 1293 2156 Appiani
1325 2091 1507 2154 Lybico.
1574 2092 1757 2142 Horum

340 2156 692 2212 doctiffimorum
725 2162 920 2208 virorum
950 2176 1079 2210 exem
1110 2159 1179 2216 10,
1230 2159 1429 2227 quaedam
1464 2160 1637 2223 Polybii
1670 2157 1756 2209 fra-

338 2242 518 2296 gmenta
535 2225 867 2296 haudquaquam
887 2178 1148 2295 spernenda,
1192 2248 1247 2278 ex
1267 2229 1410 2279 Suidae
1436 2230 1580 2283 lexico
1599 2227 1755 2295 adJ‘eci-

337 2316 462 2357 mus,
492 2316 586 2365 quae
605 2311 725 2350 erant
748 2298 803 2348 ab
831 2295 931 2364 ipsis
959 2297 1247 2365 praetermissa.
1320 2306 1370 2352 ln
1394 2302 1546 2369 quibus
1577 2298 1610 2348 fi
1638 2296 1771 2349 forte‘

337 2385 420 2435 nos
451 2368 697 2431 conjedtura
725 2365 870 2417 nostra
897 2364 1075 2428 fefellit,
1134 2388 1239 2425 cum
1263 2374 1434 2439 magnis
1457 2374 1557 2430 viris
1585 2365 1756 2433 eri-alst,

334 2441 629 2506 patrocinium
646 2441 728 2497 erit,
746 2437 909 2504 culpae.

439 2534 661 2603 Superest,
687 2546 735 2583 ut
754 2533 808 2583 de
827 2531 1182 2602 Interpretatione
1198 2555 1297 2587 mea
1313 2557 1364 2588 ac
1383 2540 1511 2588 Notis
1530 2555 1667 2607 pauca
1688 2535 1754 2587 di-

333 2621 447 2654 cam.
514 2607 884 2672 Fragmentorum
903 2608 1135 2673 interrupta
1155 2603 1278 2657 series
1301 2626 1510 2675 magnam
1531 2610 1752 2678 intetpreti

332 2673 631 2724 difficultatem
649 2672 798 2725 afferat
818 2672 985 2723 necesse
1003 2676 1077 2722 est.
1145 2679 1321 2727 Etenim
1340 2696 1442 2727 cum
1460 2676 1600 2728 sensus
1625 2684 1752 2745 (prae-

331 2747 459 2812 cipue
482 2748 529 2793 in
558 2744 744 2793 historiis
774 2762 922 2793 rerum
945 2744 1184 2811 gestarum)
1200 2745 1293 2795 fere
1320 2766 1375 2797 ex
1400 2748 1751 2798 antecedentibus

327 2812 542 2888 pendeat,
579 2811 746 2887 amiffis·
763 2817 815 2869 iis
844 2812 1021 2868 difficile
1047 2813 1109 2864 est
1139 2830 1337 2869 mentem
1363 2821 1550 2869 auetoris
1588 2814 1750 2938 affeqffii

1619 2905 1681 2955 po
1716 2904 1753 2935 e.
