<?xml version="1.0" encoding="UTF-8"?>
<!DOCTYPE html PUBLIC "-//W3C//DTD XHTML 1.0 Transitional//EN"
    "http://www.w3.org/TR/xhtml1/DTD/xhtml1-transitional.dtd">
<html xmlns="http://www.w3.org/1999/xhtml" xml:lang="en" lang="en">
 <head>
  <title>
</title>
<meta http-equiv="Content-Type" content="text/html;charset=utf-8" />
  <meta name='ocr-system' content='tesseract 3.04.00' />
  <meta name='ocr-capabilities' content='ocr_page ocr_carea ocr_par ocr_line ocrx_word'/>
</head>
<body>
  <div class='ocr_page' id='page_1' title='image "./historiarumquidq07polyuoft_0587.png"; bbox 0 0 1780 3268; ppageno 0'>
   <div class='ocr_carea' id='block_1_1' title="bbox 495 237 1666 312">
    <p class='ocr_par' dir='ltr' id='par_1_1' title="bbox 495 237 1666 312">
     <span class='ocr_line' id='line_1_1' title="bbox 495 237 1449 283; baseline 0.005 -13"><span class='ocrx_word' id='word_1_1' title='bbox 495 240 573 271; x_wconf 73' lang='grc' dir='ltr'>Αυ</span> <span class='ocrx_word' id='word_1_2' title='bbox 605 239 818 270; x_wconf 66' lang='grc' dir='ltr'><strong>Ροιῑυ.</strong></span> <span class='ocrx_word' id='word_1_3' title='bbox 856 239 1002 270; x_wconf 75' lang='lat' dir='ltr'>xxiv.</span> <span class='ocrx_word' id='word_1_4' title='bbox 1035 238 1103 270; x_wconf 78' lang='lat'>12.</span> <span class='ocrx_word' id='word_1_5' title='bbox 1360 237 1449 283; x_wconf 76' lang='lat'>553</span> 
     </span>
     <span class='ocr_line' id='line_1_2' title="bbox 1475 290 1666 312; baseline 0.01 -2"><span class='ocrx_word' id='word_1_6' title='bbox 1475 290 1666 312; x_wconf 43' lang='grc' dir='ltr'><strong>ἡ</strong></span> 
     </span>
    </p>
   </div>
   <div class='ocr_carea' id='block_1_2' title="bbox 1475 312 1663 325">
    <p class='ocr_par' dir='ltr' id='par_1_2' title="bbox 1475 312 1663 325">
     <span class='ocr_line' id='line_1_3' title="bbox 1475 312 1663 325; baseline 0 2943"><span class='ocrx_word' id='word_1_7' title='bbox 1475 312 1663 325; x_wconf 95' lang='lat' dir='ltr'> </span> 
     </span>
    </p>
   </div>
   <div class='ocr_carea' id='block_1_3' title="bbox 103 339 1666 1045">
    <p class='ocr_par' dir='ltr' id='par_1_3' title="bbox 107 339 1666 470">
     <span class='ocr_line' id='line_1_4' title="bbox 107 339 1666 399; baseline 0.004 -16"><span class='ocrx_word' id='word_1_8' title='bbox 107 341 361 399; x_wconf 69' lang='grc' dir='ltr'><strong><em>παραχρῆμα</em></strong></span> <span class='ocrx_word' id='word_1_9' title='bbox 403 355 499 384; x_wconf 88' lang='lat' dir='ltr'>cum</span> <span class='ocrx_word' id='word_1_10' title='bbox 546 342 809 398; x_wconf 88' lang='lat' dir='ltr'>sequentibus</span> <span class='ocrx_word' id='word_1_11' title='bbox 851 341 996 398; x_wconf 84' lang='lat' dir='ltr'>junge.</span> <span class='ocrx_word' id='word_1_12' title='bbox 1072 340 1294 393; x_wconf 82' lang='lat' dir='ltr'>Ceterum,</span> <span class='ocrx_word' id='word_1_13' title='bbox 1335 339 1366 384; x_wconf 85' lang='lat' dir='ltr'>fi</span> <span class='ocrx_word' id='word_1_14' title='bbox 1406 343 1457 387; x_wconf 83' lang='lat' dir='ltr'>ad</span> <span class='ocrx_word' id='word_1_15' title='bbox 1494 353 1588 391; x_wconf 76' lang='lat' dir='ltr'>vers.</span> <span class='ocrx_word' id='word_1_16' title='bbox 1610 362 1666 398; x_wconf 67' lang='grc' dir='ltr'>ις,</span> 
     </span>
     <span class='ocr_line' id='line_1_5' title="bbox 109 409 1458 470; baseline -0.001 -14"><span class='ocrx_word' id='word_1_17' title='bbox 109 412 279 457; x_wconf 80' lang='lat' dir='ltr'>Achoeos</span> <span class='ocrx_word' id='word_1_18' title='bbox 305 413 459 456; x_wconf 85' lang='lat' dir='ltr'>referre</span> <span class='ocrx_word' id='word_1_19' title='bbox 487 427 720 469; x_wconf 88' lang='lat' dir='ltr'>pronomen</span> <span class='ocrx_word' id='word_1_20' title='bbox 749 409 902 470; x_wconf 72' lang='grc' dir='ltr'>τούτοις</span> <span class='ocrx_word' id='word_1_21' title='bbox 927 414 1149 467; x_wconf 84' lang='lat' dir='ltr'>malueris,</span> <span class='ocrx_word' id='word_1_22' title='bbox 1192 414 1458 469; x_wconf 74' lang='lat' dir='ltr'>quemadmo-</span> 
     </span>
    </p>

    <p class='ocr_par' dir='ltr' id='par_1_4' title="bbox 107 483 1457 540">
     <span class='ocr_line' id='line_1_6' title="bbox 107 483 1457 540; baseline -0.001 -12"><span class='ocrx_word' id='word_1_23' title='bbox 107 488 207 528; x_wconf 86' lang='lat' dir='ltr'>dum</span> <span class='ocrx_word' id='word_1_24' title='bbox 236 485 279 528; x_wconf 90' lang='lat'>&amp;</span> <span class='ocrx_word' id='word_1_25' title='bbox 316 486 423 540; x_wconf 85' lang='lat' dir='ltr'><strong>apud</strong></span> <span class='ocrx_word' id='word_1_26' title='bbox 454 485 714 529; x_wconf 83' lang='lat' dir='ltr'>Plutarchum</span> <span class='ocrx_word' id='word_1_27' title='bbox 748 483 794 528; x_wconf 75' lang='grc' dir='ltr'>δι’</span> <span class='ocrx_word' id='word_1_28' title='bbox 822 483 953 528; x_wconf 73' lang='grc' dir='ltr'><em>αὐτῶν</em></span> <span class='ocrx_word' id='word_1_29' title='bbox 989 490 1045 529; x_wconf 82' lang='lat' dir='ltr'>ad</span> <span class='ocrx_word' id='word_1_30' title='bbox 1070 484 1241 529; x_wconf 71' lang='lat' dir='ltr'>Achaeos</span> <span class='ocrx_word' id='word_1_31' title='bbox 1276 485 1457 528; x_wconf 87' lang='lat' dir='ltr'>referen-</span> 
     </span>
    </p>

    <p class='ocr_par' dir='ltr' id='par_1_5' title="bbox 105 557 1456 687">
     <span class='ocr_line' id='line_1_7' title="bbox 108 557 1455 615; baseline -0.001 -15"><span class='ocrx_word' id='word_1_32' title='bbox 108 559 206 600; x_wconf 87' lang='lat' dir='ltr'>dum</span> <span class='ocrx_word' id='word_1_33' title='bbox 236 557 454 615; x_wconf 87' lang='lat' dir='ltr'>Xylander</span> <span class='ocrx_word' id='word_1_34' title='bbox 479 558 752 609; x_wconf 85' lang='lat' dir='ltr'>existimavit,</span> <span class='ocrx_word' id='word_1_35' title='bbox 799 571 884 600; x_wconf 89' lang='lat' dir='ltr'>non</span> <span class='ocrx_word' id='word_1_36' title='bbox 914 571 1168 614; x_wconf 81' lang='lat' dir='ltr'>magnopere</span> <span class='ocrx_word' id='word_1_37' title='bbox 1199 557 1455 613; x_wconf 86' lang='lat' dir='ltr'>repugnabo.</span> 
     </span>
     <span class='ocr_line' id='line_1_8' title="bbox 105 629 1456 687; baseline -0.001 -15"><span class='ocrx_word' id='word_1_38' title='bbox 105 629 326 685; x_wconf 84' lang='lat' dir='ltr'>Adjecerat</span> <span class='ocrx_word' id='word_1_39' title='bbox 354 636 492 671; x_wconf 86' lang='lat' dir='ltr'>autem</span> <span class='ocrx_word' id='word_1_40' title='bbox 521 630 720 686; x_wconf 78' lang='lat' dir='ltr'>Polybius</span> <span class='ocrx_word' id='word_1_41' title='bbox 749 631 790 671; x_wconf 91' lang='lat' dir='ltr'>id</span> <span class='ocrx_word' id='word_1_42' title='bbox 809 661 821 680; x_wconf 88' lang='lat'>‚</span> <span class='ocrx_word' id='word_1_43' title='bbox 876 632 988 687; x_wconf 87' lang='lat' dir='ltr'>quod</span> <span class='ocrx_word' id='word_1_44' title='bbox 1025 645 1051 673; x_wconf 92' lang='lat' dir='ltr'>e</span> <span class='ocrx_word' id='word_1_45' title='bbox 1086 629 1305 674; x_wconf 87' lang='lat' dir='ltr'>Plutarcho</span> <span class='ocrx_word' id='word_1_46' title='bbox 1336 629 1456 671; x_wconf 89' lang='lat' dir='ltr'>intel-</span> 
     </span>
    </p>

    <p class='ocr_par' dir='ltr' id='par_1_6' title="bbox 107 699 1454 761">
     <span class='ocr_line' id='line_1_9' title="bbox 107 699 1454 761; baseline 0.001 -20"><span class='ocrx_word' id='word_1_47' title='bbox 107 700 274 756; x_wconf 77' lang='lat' dir='ltr'>ligitur,</span> <span class='ocrx_word' id='word_1_48' title='bbox 316 703 387 757; x_wconf 83' lang='lat' dir='ltr'>qui</span> <span class='ocrx_word' id='word_1_49' title='bbox 413 699 671 743; x_wconf 84' lang='lat' dir='ltr'>cruciandum</span> <span class='ocrx_word' id='word_1_50' title='bbox 706 701 1033 756; x_wconf 80' lang='lat' dir='ltr'>Philopoemenen</span> <span class='ocrx_word' id='word_1_51' title='bbox 1071 699 1303 761; x_wconf 79' lang='lat' dir='ltr'>censuerant</span> <span class='ocrx_word' id='word_1_52' title='bbox 1321 731 1334 755; x_wconf 92' lang='lat'>,</span> <span class='ocrx_word' id='word_1_53' title='bbox 1387 714 1454 744; x_wconf 82' lang='lat' dir='ltr'>eos</span> 
     </span>
    </p>

    <p class='ocr_par' dir='ltr' id='par_1_7' title="bbox 104 770 1454 834">
     <span class='ocr_line' id='line_1_10' title="bbox 104 770 1454 834; baseline 0 -19"><span class='ocrx_word' id='word_1_54' title='bbox 104 785 209 815; x_wconf 79' lang='lat' dir='ltr'>nunc</span> <span class='ocrx_word' id='word_1_55' title='bbox 235 774 389 815; x_wconf 79' lang='lat' dir='ltr'>vincere</span> <span class='ocrx_word' id='word_1_56' title='bbox 410 770 462 816; x_wconf 61' lang='lat' dir='ltr'>E?</span> <span class='ocrx_word' id='word_1_57' title='bbox 480 773 537 817; x_wconf 79' lang='lat' dir='ltr'>ad</span> <span class='ocrx_word' id='word_1_58' title='bbox 561 774 764 818; x_wconf 79' lang='lat' dir='ltr'>cruciatus</span> <span class='ocrx_word' id='word_1_59' title='bbox 784 774 898 816; x_wconf 82' lang='lat' dir='ltr'>tradi</span> <span class='ocrx_word' id='word_1_60' title='bbox 916 773 1140 828; x_wconf 79' lang='lat' dir='ltr'>Lycortam</span> <span class='ocrx_word' id='word_1_61' title='bbox 1158 771 1318 834; x_wconf 82' lang='lat' dir='ltr'>jufflffe.</span> <span class='ocrx_word' id='word_1_62' title='bbox 1377 772 1454 817; x_wconf 79' lang='lat' dir='ltr'>So-</span> 
     </span>
    </p>

    <p class='ocr_par' dir='ltr' id='par_1_8' title="bbox 104 844 1452 899">
     <span class='ocr_line' id='line_1_11' title="bbox 104 844 1452 899; baseline 0.002 -13"><span class='ocrx_word' id='word_1_63' title='bbox 104 844 192 886; x_wconf 85' lang='lat' dir='ltr'>lum</span> <span class='ocrx_word' id='word_1_64' title='bbox 219 844 490 888; x_wconf 85' lang='lat' dir='ltr'>Dinocratem</span> <span class='ocrx_word' id='word_1_65' title='bbox 517 845 661 899; x_wconf 84' lang='lat' dir='ltr'>sponte</span> <span class='ocrx_word' id='word_1_66' title='bbox 706 846 832 888; x_wconf 90' lang='lat' dir='ltr'>vitam</span> <span class='ocrx_word' id='word_1_67' title='bbox 860 844 1028 896; x_wconf 70' lang='lat' dir='ltr'>finisse,</span> <span class='ocrx_word' id='word_1_68' title='bbox 1088 852 1253 895; x_wconf 82' lang='lat' dir='ltr'>ceteros</span> <span class='ocrx_word' id='word_1_69' title='bbox 1283 859 1452 896; x_wconf 79' lang='lat' dir='ltr'>omnes,</span> 
     </span>
    </p>

    <p class='ocr_par' dir='ltr' id='par_1_9' title="bbox 105 916 1453 974">
     <span class='ocr_line' id='line_1_12' title="bbox 105 916 1453 974; baseline 0.001 -16"><span class='ocrx_word' id='word_1_70' title='bbox 105 917 179 971; x_wconf 83' lang='lat' dir='ltr'>qui</span> <span class='ocrx_word' id='word_1_71' title='bbox 209 916 525 972; x_wconf 84' lang='lat' dir='ltr'>Philopoemeni</span> <span class='ocrx_word' id='word_1_72' title='bbox 558 917 673 959; x_wconf 88' lang='lat' dir='ltr'>necis</span> <span class='ocrx_word' id='word_1_73' title='bbox 705 916 896 961; x_wconf 52' lang='lat' dir='ltr'>astitores</span> <span class='ocrx_word' id='word_1_74' title='bbox 927 918 1090 961; x_wconf 86' lang='lat' dir='ltr'>fuerant</span> <span class='ocrx_word' id='word_1_75' title='bbox 1108 946 1121 966; x_wconf 91' lang='lat'><strong>,</strong></span> <span class='ocrx_word' id='word_1_76' title='bbox 1182 917 1453 974; x_wconf 86' lang='lat' dir='ltr'>comprehen-</span> 
     </span>
    </p>

    <p class='ocr_par' dir='ltr' id='par_1_10' title="bbox 103 980 1420 1045">
     <span class='ocr_line' id='line_1_13' title="bbox 103 980 1420 1045; baseline 0.002 -15"><span class='ocrx_word' id='word_1_77' title='bbox 103 988 172 1030; x_wconf 83' lang='lat' dir='ltr'>sos</span> <span class='ocrx_word' id='word_1_78' title='bbox 199 1002 353 1044; x_wconf 89' lang='lat' dir='ltr'>poenas</span> <span class='ocrx_word' id='word_1_79' title='bbox 384 986 556 1039; x_wconf 76' lang='lat' dir='ltr'>dedisse,</span> <span class='ocrx_word' id='word_1_80' title='bbox 600 980 748 1036; x_wconf 78' lang='lat' dir='ltr'>diserte</span> <span class='ocrx_word' id='word_1_81' title='bbox 777 989 982 1032; x_wconf 82' lang='lat' dir='ltr'>consentit</span> <span class='ocrx_word' id='word_1_82' title='bbox 1011 989 1225 1033; x_wconf 85' lang='lat' dir='ltr'>Pausanias</span> <span class='ocrx_word' id='word_1_83' title='bbox 1259 1003 1303 1045; x_wconf 88' lang='lat' dir='ltr'>p.</span> <span class='ocrx_word' id='word_1_84' title='bbox 1321 1000 1420 1044; x_wconf 84' lang='lat'><strong>704.</strong></span> 
     </span>
    </p>
   </div>
   <div class='ocr_carea' id='block_1_4' title="bbox 105 1099 1459 1313">
    <p class='ocr_par' dir='ltr' id='par_1_11' title="bbox 105 1099 1459 1313">
     <span class='ocr_line' id='line_1_14' title="bbox 190 1099 1452 1164; baseline 0 -16"><span class='ocrx_word' id='word_1_85' title='bbox 190 1103 257 1148; x_wconf 86' lang='lat' dir='ltr'>De</span> <span class='ocrx_word' id='word_1_86' title='bbox 287 1103 480 1161; x_wconf 81' lang='lat' dir='ltr'>exsequiis</span> <span class='ocrx_word' id='word_1_87' title='bbox 508 1104 843 1160; x_wconf 80' lang='lat' dir='ltr'>Philopoemenis,</span> <span class='ocrx_word' id='word_1_88' title='bbox 891 1106 973 1149; x_wconf 91' lang='lat' dir='ltr'>hoc</span> <span class='ocrx_word' id='word_1_89' title='bbox 1001 1099 1190 1164; x_wconf 84' lang='lat' dir='ltr'>tempore</span> <span class='ocrx_word' id='word_1_90' title='bbox 1220 1107 1452 1158; x_wconf 88' lang='lat' dir='ltr'>celebratis,</span> 
     </span>
     <span class='ocr_line' id='line_1_15' title="bbox 107 1176 1452 1235; baseline 0.004 -17"><span class='ocrx_word' id='word_1_91' title='bbox 107 1176 151 1219; x_wconf 86' lang='lat' dir='ltr'>in</span> <span class='ocrx_word' id='word_1_92' title='bbox 178 1178 326 1232; x_wconf 87' lang='lat' dir='ltr'>quibus</span> <span class='ocrx_word' id='word_1_93' title='bbox 354 1176 666 1231; x_wconf 80' lang='lat' dir='ltr'>Philopoemenis</span> <span class='ocrx_word' id='word_1_94' title='bbox 689 1192 838 1221; x_wconf 83' lang='lat' dir='ltr'><em>urnam</em></span> <span class='ocrx_word' id='word_1_95' title='bbox 861 1182 1046 1234; x_wconf 80' lang='lat' dir='ltr'>portavit</span> <span class='ocrx_word' id='word_1_96' title='bbox 1062 1179 1228 1235; x_wconf 78' lang='lat' dir='ltr'>juvenis</span> <span class='ocrx_word' id='word_1_97' title='bbox 1256 1178 1452 1233; x_wconf 77' lang='lat' dir='ltr'>Polybius</span> 
     </span>
     <span class='ocr_line' id='line_1_16' title="bbox 105 1247 1459 1313; baseline 0.003 -23"><span class='ocrx_word' id='word_1_98' title='bbox 105 1247 258 1305; x_wconf 83' lang='lat' dir='ltr'>noster,</span> <span class='ocrx_word' id='word_1_99' title='bbox 286 1249 409 1291; x_wconf 78' lang='lat' dir='ltr'>verba</span> <span class='ocrx_word' id='word_1_100' title='bbox 439 1249 644 1291; x_wconf 84' lang='lat' dir='ltr'>Plutarchi</span> <span class='ocrx_word' id='word_1_101' title='bbox 665 1250 747 1293; x_wconf 84' lang='lat' dir='ltr'>huc</span> <span class='ocrx_word' id='word_1_102' title='bbox 773 1251 966 1294; x_wconf 84' lang='lat' dir='ltr'>facientia</span> <span class='ocrx_word' id='word_1_103' title='bbox 986 1251 1149 1296; x_wconf 84' lang='lat' dir='ltr'>retuli</span> <span class='ocrx_word' id='word_1_104' title='bbox 1136 1267 1179 1296; x_wconf 76' lang='grc' dir='ltr'>ιη</span> <span class='ocrx_word' id='word_1_105' title='bbox 1206 1252 1259 1298; x_wconf 90' lang='lat' dir='ltr'><em>T</em></span> <span class='ocrx_word' id='word_1_106' title='bbox 1238 1251 1459 1313; x_wconf 64' lang='lat' dir='ltr'>stumomu</span> 
     </span>
    </p>
   </div>
   <div class='ocr_carea' id='block_1_5' title="bbox 109 1318 946 1382">
    <p class='ocr_par' dir='ltr' id='par_1_12' title="bbox 109 1318 946 1382">
     <span class='ocr_line' id='line_1_17' title="bbox 109 1318 946 1382; baseline 0.009 -18"><span class='ocrx_word' id='word_1_107' title='bbox 109 1319 306 1367; x_wconf 74' lang='lat' dir='ltr'>Veterum</span> <span class='ocrx_word' id='word_1_108' title='bbox 322 1321 370 1366; x_wconf 73' lang='lat' dir='ltr'>de</span> <span class='ocrx_word' id='word_1_109' title='bbox 399 1321 499 1366; x_wconf 77' lang='lat' dir='ltr'>Vita</span> <span class='ocrx_word' id='word_1_110' title='bbox 522 1318 691 1381; x_wconf 67' lang='lat' dir='ltr'>polybii.</span> <span class='ocrx_word' id='word_1_111' title='bbox 717 1321 770 1367; x_wconf 94' lang='grc' dir='ltr'>Τ</span> <span class='ocrx_word' id='word_1_112' title='bbox 783 1322 835 1370; x_wconf 91' lang='lat' dir='ltr'>V.</span> <span class='ocrx_word' id='word_1_113' title='bbox 854 1336 895 1382; x_wconf 83' lang='lat' dir='ltr'>p.</span> <span class='ocrx_word' id='word_1_114' title='bbox 904 1335 946 1381; x_wconf 84' lang='grc'><strong>7</strong></span> 
     </span>
    </p>
   </div>
   <div class='ocr_carea' id='block_1_6' title="bbox 841 2926 1456 2986">
    <p class='ocr_par' dir='ltr' id='par_1_13' title="bbox 841 2926 1456 2986">
     <span class='ocr_line' id='line_1_18' title="bbox 841 2926 1456 2986; baseline -0.013 -12"><span class='ocrx_word' id='word_1_115' title='bbox 841 2929 937 2980; x_wconf 72' lang='lat' dir='ltr'>mm</span> <span class='ocrx_word' id='word_1_116' title='bbox 967 2938 994 2986; x_wconf 76' lang='grc' dir='ltr'><em>ς</em></span> <span class='ocrx_word' id='word_1_117' title='bbox 1249 2926 1456 2974; x_wconf 71' lang='lat' dir='ltr'>Anno.</span> 
     </span>
    </p>
   </div>
   <div class='ocr_carea' id='block_1_7' title="bbox 0 0 31 3268">
    <p class='ocr_par' dir='ltr' id='par_1_14' title="bbox 0 0 31 3268">
     <span class='ocr_line' id='line_1_19' title="bbox 0 0 31 3268; baseline 0 0"><span class='ocrx_word' id='word_1_118' title='bbox 0 0 31 3268; x_wconf 95' lang='lat' dir='ltr'> </span> 
     </span>
    </p>
   </div>
  </div>
 </body>
</html>
