1832 3282
421 250 726 318 ARLE'Nu
782 265 1218 318 PRAEFATIQ
1415 284 1518 317 xm

32 408 35 410 ’
102 397 312 443 initurum
343 412 437 445 non
464 396 672 462 exiguam
690 431 704 452 ,
746 395 834 457 jam
851 390 972 442 edito
990 389 1176 461 Iosepho
1199 390 1530 460 cognoviss'em:

103 482 192 533 quo
207 479 344 514 enam
361 479 560 532 tempore
585 481 686 514 cum
705 464 841 512 multa
862 462 915 512 de
937 462 1140 518 Historiae
1158 461 1258 521 usu,
1315 462 1526 530 dignitate

103 554 155 583 ac
176 532 322 583 fructu
341 528 681 602 proposuissem,
715 551 809 582 non
838 537 918 581 erit
942 531 1110 582 neceffe
1131 531 1287 582 eadem
1314 534 1526 584 hocloco

103 625 128 653 a
148 609 309 671 capite,
344 603 465 672 quod>
492 604 634 667 ajunt,
674 599 890 652 arcessere.
957 607 1055 653 Nec
1081 602 1141 651 est
1172 602 1292 671 quod
1322 604 1391 652 vel
1418 623 1537 662 meo,

0 716 7 728 ,
27 685 32 689 “
102 674 381 732 testimonio,
410 673 479 723 vel
503 673 772 741 amplisfirnis
792 678 924 722 etiam
946 675 1113 732 verbis,
1147 673 1383 735 Polybium
1405 692 1524 723 nunc

9 741 16 748 ’
84 756 176 794 'me
189 742 363 793 laudare
383 759 621 812 ornateque
637 740 734 792 satis
752 741 991 791 commode
1011 739 1131 810 poffe
1153 742 1403 792 confidam:
1419 764 1524 794 cum

100 819 147 862 in
164 817 282 863 hunc
302 810 445 880 ipsum
462 812 770 877 celebrandum
782 812 907 861 multi
921 831 976 876 ex
995 814 1157 861 Latinis
1175 818 1333 880 pariter
1350 819 1396 864 ὅ(
1408 817 1527 863 Gra·-

102 889 162 934 cis
181 901 275 933 non
294 881 436 932 solum
454 901 608 939 omnes
626 881 773 932 laudes
795 897 1060 950 congerant,
1091 880 1164 932 sed
1191 883 1326 951 longe
1354 882 1538 935 clai-iffi?

100 972 204 1003 mus·
225 958 357 1002 etiam
389 956 476 1011 vir,
523 952 727 1021 idemque
754 947 949 1001 summus
981 955 1249 1020 imperator,
1291 953 1525 1005 Africanus

102 1025 171 1072 ille
194 1027 364 1091 Scipio,
396 1022 588 1072 eundem
607 1021 684 1072 sibi
702 1036 797 1073 tum
816 1022 1124 1080 consiliorum,
1153 1037 1250 1071 tum
1276 1043 1424 1074 rerum
1443 1035 1534 1093 ge·'

98 1092 367 1150 rendamm,
390 1098 435 1142 ὅ(
456 1098 670 1142 comitem
687 1097 734 1142 ὅ(
754 1092 1092 1160 quodammodo
1118 1091 1288 1142 socium
1316 1094 1534 1158 adjunxe·‘

97 1168 175 1213 rin·
237 1161 370 1230 Qud
391 1178 504 1212 certe
527 1166 742 1231 Scipionis
759 1162 971 1225 judicium
994 1162 1050 1212 ad
1073 1162 1378 1217 declarandam
1396 1169 1524 1229 hujus

97 1237 326 1299 Scriptoris
352 1233 636 1282 excellentem
656 1232 927 1293 doeh-inam,
959 1230 1215 1283 industriam
1241 1233 1535 1302 fingularem,⁴

96 1308 143 1354 ὅ(
170 1305 231 1351 rei
251 1304 446 1352 militaris
465 1307 665 1372 peritiam
687 1305 872 1352 minime
895 1304 1139 1371 vulgarem,
1173 1302 1257 1357 fuit
1271 1305 1407 1373 longe
1426 1303 1536 1355 rna-'⁷

95 1377 271 1422 ximum
289 1372 432 1431 fimul,
466 1393 517 1422 ac
536 1373 816 1424 veriffimum.
888 1375 1009 1423 Nam
1029 1378 1103 1443 qni
1119 1375 1356 1424 accuratius
1373 1375 1522 1435 hosce,

94 1461 204 1511 quos
222 1441 397 1493 fortuna
415 1446 541 1493 nobis
563 1445 748 1513 reliquos
766 1442 885 1503 fecit,
908 1444 1040 1494 libros
1056 1445 1301 1512 perlegerit,
1332 1450 1368 1494 is
1390 1445 1523 1496 facile

95 1512 285 1574 videbit,
320 1514 554 1576 Polybium
576 1533 669 1564 non
687 1529 778 1563 tam
794 1520 938 1582 gravis
957 1514 1165 1564 Historici
1183 1519 1351 1581 munus
1372 1511 1534 1585 exple-²*

94 1578 221 1642 visse,
253 1590 385 1651 quam
405 1588 557 1651 magni
577 1589 758 1634 oratoris
777 1605 828 1634 ac
845 1586 1080 1654 praestantis
1097 1583 1347 1654 Philosophi
1374 1601 1521 1655 partes

94 1652 335 1702 'commode
353 1652 522 1722 semper
539 1651 823 1723 usurpaviffe:
850 1660 1016 1725 quippe
1039 1659 1111 1725 qui
1131 1653 1278 1717 r'emm
1296 1657 1520 1725 gestarum

91 1735 348 1791 perpetuam
366 1729 661 1776 narrationem
680 1729 738 1774 ita
755 1725 1076 1776 moderandam
1105 1723 1291 1785 censuit,
1325 1727 1374 1776 ut
1390 1726 1533 1777 suum‘

91 1811 407 1862 nonnunquam
438 1793 650 1858 judicium
675 1800 722 1845 δί
747 1811 962 1864 praecepta
989 1795 1044 1846 ad
1072 1796 1386 1848 institutionem
1418 1802 1520 1847 vitae

90 1860 320 1914 necess'aria
338 1862 653 1932 interponenda
673 1866 991 1916 existimaverit.
1028 1871 1164 1916 Hunc
1183 1872 1315 1916 etiam
1336 1867 1517 1935 insignis

89 1934 159 1983 ille
180 1934 472 1984 Historiarum
493 1933 675 2003 scriptor
684 1937 818 1986 Titus
836 1941 982 1987 Livius
1000 1951 1090 1987 tam
1110 1938 1294 1988 libenter
1312 1936 1518 2007 sequitur,

12 2036 17 2044 ι
89 2017 138 2055 ut
154 2003 254 2053 belli
273 2008 425 2053 Punici
443 2006 605 2055 librum
624 2010 819 2075 primum
842 2026 896 2056 ex
916 2027 996 2066 eo,
1034 2009 1108 2077 qui
1136 2007 1254 2075 apud
1275 2010 1525 2072 Polybiunr

87 2072 242 2124 ordine
260 2078 407 2124 tertius
425 2076 509 2134 est,
547 2075 663 2126 bona
682 2095 736 2126 ex
753 2092 873 2145 parte
899 2082 1174 2128 converterit.
1247 2077 1383 2147 Qod
1402 2091 1516 2129 tam-

87 2141 163 2192 etfi
187 2146 240 2193 ab
268 2145 360 2193 aliis
383 2151 516 2195 etiam
546 2161 670 2196 antea
695 2146 748 2196 fit
774 2146 1075 2206 observatum,
1107 2168 1133 2196 a
1154 2167 1227 2212 me
1256 2161 1408 2198 tamen
1424 2153 1516 2199 hoc

23 2253 26 2255 Α
85 2218 267 2263 nomine
285 2215 486 2266 libentius
506 2221 766 2286 repetitum,
809 2232 898 2287 quo
924 2216 1144 2286 utriusque
1164 2213 1327 2285 linguae
1350 2217 1516 2267 studio*

14 2341 21 2346 ,
83 2283 138 2332 fis
160 2282 459 2345 ostenderem,
495 2301 568 2345 ut,
602 2284 636 2336 fi
653 2286 830 2356 quando
861 2287 915 2338 ad
944 2289 1064 2338 illam
1087 2287 1276 2356 priscam
1304 2285 1516 2356 interpre-

60 2352 202 2403 &tandi
224 2354 427 2415 laudem,
475 2355 814 2426 felicitatemque
840 2359 973 2408 latine
999 2356 1334 2426 repraesentandi
1364 2359 1515 2409 aufto-

30 2474 35 2485 ὁ
82 2441 184 2473 rum
211 2422 463 2486 sententias,
512 2425 695 2494 aspirare
723 2429 882 2478 vellent
900 2469 915 2486 ,
967 2427 1099 2478 hosce
1135 2427 1270 2479 libros
1301 2444 1514 2498 tanquam

66 2495 333 2563 exemplar,
368 2496 486 2565 quod
508 2501 803 2558 imitarentur,
823 2498 910 2554 fibi
925 2513 1241 2568 proponerent.

14 2610 32 2652 'z'
183 2611 292 2672 Huj„
320 2631 326 2648 τ
352 2614 494 2679 itaque
520 2611 750 2680 Scriptoris
774 2612 909 2662 libros
942 2618 1134 2682 quinque
1162 2616 1356 2680 priores,
1402 2628 1513 2681 quo·

77 2684 180 2726 rum
207 2677 448 2730 editionem
479 2686 577 2730 anre
607 2701 746 2731 annos
775 2683 940 2750 aliquot
969 2682 1106 2733 docto
1142 2687 1238 2732 viro
1270 2686 1512 2731 Vincentio

79 2745 318 2815 Obsopoeo
341 2749 630 2810 debebamus,
661 2757 750 2816 jam
769 2752 826 2801 ad
846 2772 981 2802 manu
1009 2751 1192 2821 scriptos
1221 2751 1396 2801 codices
1420 2751 1511 2801 col·-
1576 2765 1581 2770 ·

44 2850 48 2854 -
76 2817 211 2876 latos,
238 2836 325 2868 una
348 2839 452 2870 cum
470 2820 590 2871 sexto
609 2822 942 2890 propemodum
961 2828 1134 2891 integro
1158 2819 1329 2882 damus,
1363 2822 1511 2872 multo

42 2929 44 2932 ,
77 2900 173 2940 tum
195 2889 508 2961 castigatiores,
543 2906 640 2944 tum
660 2894 816 2945 alicubi
837 2893 1009 2963 plenius
1030 2893 1276 2946 instructos.
1337 2893 1512 2962 Qibus

218 2986 236 3003 -.
1452 2978 1510 3011 ex

930 2964 957 3011 b
