1780 3268
107 302 299 336 ΕΖΒ-Ξ

131 364 227 405 vers.
248 365 283 405 6.

316 238 404 285 620
740 235 1246 287 innon-Auonrns

404 352 523 408 Verfi
542 352 585 399 6.
612 351 931 410 βουλόμενοι
967 358 1218 417 στοιχεῖν
1257 358 1310 417 τῆ
1337 358 1407 415 τῆς
1436 354 1668 416 -συγκλῆτοο

313 425 524 489 προθέσει.
551 450 609 460 --
646 428 730 481 „In
751 429 937 472 editione
949 429 1123 474 Plautini
1141 430 1310 486 [nempe
1327 431 1373 474 F.
1393 431 1539 482 Vrfini‚
1569 445 1666 490 quae

311 500 579 555 Antwerpiae
599 501 643 543 in
664 498 832 544 officina
852 500 1113 544 plantiniana
1125 490 1270 544 excusa
1292 500 1370 563 est]
1387 503 1447 547 est
1465 501 1663 557 βουλομέ.

312 581 404 621 vove·
419 573 583 627 τυχεῖν,
612 572 722 615 unde
740 570 852 620 effici
871 574 1047 617 debebat
1062 570 1301 636 βουλόμενοι
1319 576 1511 630 στοιχὲἱν.
1553 576 1663 620 Nam

314 659 411 703 quae
431 645 499 688 hie
519 645 603 687 loci
621 639 843 699 σύγκλητος
865 653 1062 698 vocatur,
1098 661 1149 690 ea
1171 660 1264 691 non
1283 647 1342 690 est
1357 648 1561 699 Romana,
1593 647 1662 691 sed
1708 701 1721 705 u

312 713 576 765 Acarnana-a
594 717 738 767 concio,
765 730 896 772 penes
917 731 1040 774 quam
1061 718 1216 762 summa
1235 717 1374 765 rerum
1399 727 1502 763 erat.
1554 719 1662 773 Vide

311 803 408 847 pag.
427 800 555 843 1270,
576 789 684 843 23.“
722 786 916 844 [XXIX.
937 802 987 845 9,
1006 788 1076 846 6.]
1096 804 1359 839 uersuum.
1388 811 1450 824 —-·
1496 791 1662 849 Nempe

310 860 336 918 ἡ
355 857 575 917 σύγκλητος
595 859 755 904 ΧΧΙΧ.
770 871 819 917 9,
837 859 878 906 6.
897 862 956 906 est
970 869 1185 912 conventus
1198 863 1464 912 Achaeorum,
1474 864 1516 907 in
1536 874 1686 924 quem».

311 947 397 976 non
418 934 546 976 solum
565 930 758 989 ἦβουλῆ,
784 934 826 976 id
849 934 909 978 est
926 934 1148 987 senatores,
1168 935 1236 978 sed
1263 949 1411 979 omnes
1431 935 1544 980 cives
1561 948 1662 979 con·

310 1006 536 1050 veniebant
562 1006 633 1062 qui
668 1003 920 1050 tricesimum
959 1006 1096 1055 aetatis
1133 1020 1285 1050 annum
1323 1004 1661 1064 compleverant:

283 1110 288 1116 .
309 1086 436 1134 quem
462 1077 577 1121 usum
595 1077 707 1121 illius
727 1078 917 1120 vocabuli
940 1079 1158 1134 tetigimus
1181 1079 1225 1121 in
1251 1080 1390 1123 adnot.
1407 1078 1506 1123 XX.
1529 1091 1602 1133 η,
1623 1091 1662 1128 1.

307 1150 483 1206 Parique
502 1149 686 1198 ratione,
733 1164 784 1192 ex
805 1150 965 1193 Reiskii
995 1148 1217 1203 sententia,
1252 1147 1520 1208 ἤσυγκλητοσ
1549 1152 1661 1198 idem

309 1223 421 1266 valet
442 1236 489 1264 ac
510 1219 533 1279 ἦ
552 1217 746 1277 ἐκκλησίαι
761 1220 1024 1269 Acarnanum
1045 1222 1147 1266 vers.
1161 1235 1195 1266 ι.
1215 1221 1259 1266 δι
1275 1223 1358 1267 hoc
1377 1224 1528 1269 dixerit
1540 1222 1661 1280 Poly-

302 1293 412 1346 bius,
441 1294 656 1350 Popillium
674 1294 981 1339 adcommodare
984 1292 1033 1348 se
1049 1292 1206 1352 votutffl
1222 1296 1423 1339 voluntati
1438 1296 1660 1343 concionis.-

305 1366 424 1423 cnjus
441 1367 636 1411 nimirum
659 1367 783 1423 longe
794 1365 996 1423 plurimus
1014 1378 1212 1410 numerus
1230 1366 1323 1411 satis
1340 1364 1657 1426 significaverat,

303 1438 417 1482 nolle
448 1439 487 1481 se
509 1437 741 1495 praesidiutn
773 1438 1019 1484 Romanum.
1077 1438 1134 1482 Et
1164 1454 1212 1482 ea
1237 1439 1345 1484 forte
1371 1437 1572 1486 veriffima
1596 1439 1658 1489 est

303 1510 427 1571 hujus
450 1510 531 1553 loci
551 1511 763 1554 sententia.
820 1511 905 1555 Sed
925 1509 1007 1554 five
1028 1508 1295 1559 Acarnanum
1312 1512 1545 1564 concionem,
1571 1510 1657 1556 five

303 1582 532 1627 Romanum
541 1581 732 1640 senatum
759 1579 833 1639 τήν
857 1577 1083 1639 σύγκλητον
1103 1583 1336 1640 intelligas,
1365 1584 1538 1640 per-inde
1561 1583 1657 1641 βου-

301 1650 487 1707 λόμενοι,
515 1669 600 1700 non
616 1654 908 1711 βουλομένους,
935 1656 1185 1712 legendum:
1229 1654 1354 1714 poffis
1374 1656 1487 1701 enim
1507 1656 1675 1715 intelli-‘

302 1741 406 1788 gere
422 1759 434 1781 ,
472 1721 633 1772 senatus'
661 1729 836 1772 Romani
862 1727 1117 1785 propositum
1147 1727 1487 1784 voluntatemque
1515 1725 1655 1782 fuisse,

301 1806 351 1843 ut
369 1800 471 1843 nihil
492 1813 567 1856 per
593 1802 680 1845 vim
705 1809 880 1858 agerent
901 1802 1030 1857 legati
1049 1815 1145 1846 curn
1167 1800 1249 1842 illis
1276 1798 1464 1855 populis,
1493 1798 1561 1844 sed
1581 1799 1655 1845 dis-

300 1870 538 1916 ssmulanter
554 1887 603 1917 ac
619 1873 770 1917 leniter
788 1885 865 1916 eos
886 1870 1122 1917 traaarent.
1179 1871 1260 1920 At.
1290 1881 1338 1916 ut
1353 1883 1465 1914 nunc
1483 1872 1652 1928 quiden

299 1942 376 1994 stat
404 1944 603 1991 sententia
623 1976 635 1997 ,
685 1946 727 1988 in
757 1944 918 1993 Reiskii
952 1944 1299 2002 interpretatione
1336 1943 1650 2000 adquiescimus.

301 2015 639 2060 Commodiffima
657 2031 758 2061 vero
777 2031 825 2060 ac
853 2017 1101 2073 pulcerrima
1121 2016 1349 2061 Casauboni
1374 2015 1435 2059 est
1460 2016 1652 2059 emenda·

295 2090 358 2131 tio
385 2089 527 2144 τυχέίν
546 2089 588 2132 in
607 2090 787 2150 στοιχεῖν
808 2090 1020 2142 mutantis,
1053 2089 1104 2131 de
1124 2089 1243 2146 cujus
1265 2087 1379 2130 verbi
1401 2087 1472 2131 usu
1490 2085 1649 2131 consuli

295 2170 509 2205 merentur
527 2175 621 2219 quae
640 2162 804 2205 monuit
818 2161 1029 2204 Fabricius
1050 2161 1101 2213 ad
1122 2160 1294 2204 Sextum
1312 2157 1470 2215 Empir.
1495 2172 1535 2215 p,
1549 2170 1602 2215 25
1609 2168 1648 2214 ς.

296 2231 343 2277 ἀ
364 2233 448 2288 ipse
476 2232 739 2280 Casaubonus
765 2233 903 2282 noster
935 2235 984 2276 ad
1013 2232 1210 2289 Gregorii
1242 2230 1413 2287 Nyss'eni
1443 2230 1648 2287 Epistola

293 2319 334 2362 p.
352 2316 444 2360 140.
463 2306 531 2349 ubi
551 2305 658 2349 hanc
680 2306 791 2352 suam
820 2307 988 2350 adstruit
1009 2305 1365 2348 emendationem:
1405 2303 1477 2360 qui
1505 2301 1535 2347 fi
1553 2304 1650 2358 βοο-

291 2373 451 2430 λόμενοι
479 2378 605 2421 etiam
640 2377 902 2428 correxiss'et,
950 2378 1039 2421 fere
1068 2377 1172 2420 nihil
1201 2374 1440 2422 disceffurus
1466 2368 1602 2419 fuiss'et
1620 2391 1647 2419 a

290 2451 486 2493 codicum
506 2450 717 2507 scriptura.
775 2450 900 2501 Quod
917 2447 945 2492 fi
967 2450 1079 2492 enim
1097 2449 1347 2505 cogitamus,
1377 2461 1500 2504 quam
1522 2448 1645 2493 facile

288 2536 494 2582 quamque
523 2522 670 2567 crebro
702 2523 756 2566 ob
785 2523 874 2567 soni
905 2523 1160 2566 vicinitatem
1193 2519 1459 2563 confuderint
1487 2519 1644 2564 librarii

286 2595 452 2640 vocales
471 2610 494 2636 υ
515 2592 561 2637 &
581 2610 640 2645 οι,
671 2608 759 2637 tum
782 2593 812 2636 fi
831 2594 1162 2643 meminerimim,
1190 2592 1329 2635 literas
1351 2605 1374 2634 υ
1394 2589 1439 2635 &
1457 2606 1477 2639 ς
1503 2592 1560 2636 ita
1579 2592 1640 2634 in-

282 2667 350 2712 t‘er
365 2665 405 2709 se
425 2664 618 2709 conneffl
639 2666 768 2708 solere
783 2665 832 2712 ab
849 2665 1002 2708 eisdem
1022 2664 1218 2714 librariiS‚
1248 2672 1295 2706 ut
1315 2676 1360 2710 vc
1383 2663 1426 2707 &
1454 2679 1489 2713 ις
1515 2663 1642 2720 saepe·

284 2750 462 2781 numero
484 2738 552 2782 vix
573 2738 681 2780 inte‘r
702 2737 742 2780 se
763 2738 990 2789 discernas,
1019 2736 1316 2791 intelligemus,
1344 2747 1467 2790 quam
1487 2735 1639 2789 procli-

284 2809 353 2857 vis
369 2808 497 2856 fuerit
521 2810 761 2864 βουλομενοι
789 2821 972 2863 croix-rw
993 2808 1037 2852 in
1060 2808 1332 2862 βουλομενους
1359 2819 1504 2861 τυχαν
1522 2807 1650 2849 aben·
1721 2844 1723 2846 .

1513 2878 1638 2922 ratio.

1748 2015 1772 2041 ,ἲ

1751 2195 1756 2206 ¹
1766 2188 1776 2210 ὖ

1760 2208 1775 2246 P
