1780 3268
521 235 599 270 An
630 221 840 268 po'LYn.
869 237 1018 270 xxxv.
1036 235 1079 279 4.
1395 234 1477 281 533

1504 379 1607 418 Vers.
1632 386 1666 422 ς.

125 340 275 406 capitis
296 339 526 384 damnatos.
585 339 740 382 Confer
763 340 892 388 infra,
925 338 1107 393 vers-14.
1166 338 1329 383 Horum
1346 340 1477 396 igitur

123 412 301 456 cauffam
318 426 427 455 nunc
451 413 597 455 Romae
615 411 784 454 Cha-ron
801 412 1061 453 defendebat.
1101 410 1148 453 Id
1171 410 1200 451 fi
1219 426 1304 453 non
1325 413 1475 466 placet,

121 486 230 535 vide,
258 498 309 527 an
331 480 422 532 τούς
447 478 759 530 ἐκπεπτωκότας
778 477 884 525 azoara?
905 477 957 524 τοὶ
978 482 1058 524 τῶν
1081 477 1267 536 Ἀχαιῶν
1290 478 1474 533 δόγματα

120 571 234 600 nunc
253 557 348 599 illos
370 570 504 598 novos
525 556 684 610 Spartae
704 557 819 597 cives
840 555 960 605 dicat,
990 568 1168 609 quorum
1187 569 1362 610 magnus
1383 562 1472 598 erat

119 642 342 678 numerus,
373 629 444 683 qui
463 628 691 683 a-tyrannis
725 628 825 669 olim
847 641 872 669 e
892 627 1089 672 servitute
1109 626 1271 668 liberati
1299 625 1344 669 δι
1366 627 1471 670 civi-

118 706 205 744 tate
228 701 368 742 donati
388 700 572 750 fuerant,
602 700 672 755 qui
693 713 716 741 a
735 699 1058 755 Philopoemene
1078 694 1311 745 &Achaeis
1333 696 1470 742 coacti

112 771 207 815 sunt
231 771 532 815 Lacedaemone
561 772 788 822 excedere,
817 769 862 814 &
894 771 937 812 in
971 769 1167 812 Achaiam
1189 769 1326 816 dudi,
1346 753 1472 812 εείὶό
1534 808 1537 812 .

111 843 206 887 Liv.
225 843 468 889 XXXVIII.
482 854 548 898 34.
567 841 825 886 &Plutarch
837 856 879 898 p.
891 840 985 897 365.
1003 839 1147 898 quo&
1164 843 1345 922 pertinet
1357 841 1471 898 quod

96 918 222 979 *apud
240 916 387 972 Polyb.
409 915 566 958 XXIII.
591 926 664 966 12,
684 925 724 957 2.
741 915 936 970 legimus,

194 986 299 1030 Ibid.
328 989 369 1028 οἱ
385 987 477 1042 περὶ
506 985 768 1042 Χαίρωνα.
826 984 933 1030 Cum
953 981 1131 1041 Χαίρωνα
1158 986 1284 1042 uulgo
1306 985 1468 1042 legera

110 1065 204 1112 tur,
240 1067 458 1102 monuerat
480 1059 567 1115 jam
600 1058 814 1110 Reiskius,
854 1058 983 1100 videri
1015 1059 1126 1105 hunc
1151 1060 1347 1100 eumdem
1371 1056 1466 1107 effe,

111 1133 183 1188 qui
202 1126 366 1186 Χαίρων
391 1131 626 1172 nominatur
645 1130 689 1171 in
707 1129 904 1186 Excerpt.
922 1128 1057 1173 Vales.
1075 1130 1219 1182 (nobis
1240 1127 1466 1171 lib.XXV.

108 1211 198 1260 c'ap.
211 1204 273 1256 8.)
302 1201 454 1245 Reste:
488 1215 597 1248 nam,
632 1215 728 1244 cum
746 1202 802 1244 ibi
820 1202 929 1243 dicat
947 1201 1166 1256 Polybius,
1196 1195 1389 1256 Χαίρωνα
1415 1199 1463 1240 il-

108 1276 196 1319 lum
221 1288 329 1316 anno
362 1274 561 1329 superiori
585 1275 757 1317 Romam
782 1271 896 1316 ivifl'e
924 1273 1133 1328 legatum3
1174 1273 1362 1316 videmus
1390 1270 1460 1313 lib.

105 1349 202 1390 eod.
220 1359 346 1403 cap.2
359 1378 371 1400 ,
390 1357 430 1400 4.
451 1346 524 1387 illo
544 1358 672 1397 anno,
700 1346 752 1388 de
773 1358 856 1400 quo
876 1345 1034 1400 agitur,
1064 1337 1234 1400 χάρωνα
1250 1344 1462 1395 eumdem,

106 1422 178 1477 qui
197 1420 264 1462 hic
293 1425 668 1469 commemoratur,
708 1416 843 1460 rursus
876 1416 1253 1458 avLacedaemoniis
1280 1416 1458 1471 Romam

35 1483 36 1486 Ἴ
71 1541 76 1545 ⁴
106 1491 282 1536 miffum.
340 1490 423 1534 Sed
452 1484 786 1546 quandoquidem
813 1487 895 1530 h.1.
926 1487 1169 1531 Bavaricum
1196 1486 1387 1528 codicem
1414 1486 1459 1528 in

105 1565 344 1620 scripturam
373 1558 565 1618 Χαίρωνα
584 1576 681 1607 cum
699 1561 845 1603 codice
870 1559 1123 1602 Peiresciano
1148 1558 1191 1602 &
1211 1557 1337 1601 suida
1360 1570 1457 1599 con-

103 1635 350 1679 sentientem
370 1635 593 1684 habemus,
621 1647 705 1675 non
731 1631 905 1675 dubitari
926 1632 1071 1682 debet,
1110 1644 1253 1673 verum
1275 1627 1356 1671 effe
1373 1626 1457 1670 hoc

103 1708 286 1750 hominis
307 1719 484 1748 nomen:
516 1706 560 1747 δι
582 1706 702 1747 facile
720 1703 988 1755 intelligitur,
1029 1702 1127 1756 quid
1145 1701 1357 1743 librarium
1387 1699 1457 1740 de-

103 1781 284 1835 ceperit,
314 1787 360 1822 ut
377 1780 420 1821 in
437 1773 615 1833 Xdpwvx
631 1775 901 1829 aberraverit,
931 1774 1042 1831 quod
1060 1774 1098 1816 ei
1118 1772 1357 1815 familiarius
1381 1784 1456 1813 no-

105 1867 202 1896 men
223 1860 325 1895 erat.

177 1924 284 1967 Ibid.
322 1919 389 1979 noc)
416 1918 488 1978 τήν
516 1915 720 1964 πολιτείαν
749 1915 1141 1973 ἆτοκατοιστοιθῆνσᾳ
1169 1911 1356 1971 τοιαύτην
1376 1919 1450 1958 **.

104 1996 388 2047 casaubonus,
431 1995 533 2036 nihil
563 1996 614 2035 de
638 1995 782 2035 lacuna
815 1991 1060 2046 suspicatus,
1097 2005 1193 2034 curn
1221 1988 1450 2033 verfionem

101 2069 251 2112 horum
282 2069 502 2110 verborum
529 2066 703 2121 adjicere
734 2062 834 2105 efl'et
872 2063 1024 2105 oblitus
1045 2093 1056 2112 ,
1101 2063 1143 2104 in
1180 2060 1450 2114 Corrigendis

103 2142 288 2190 monuit,
319 2139 548 2194 adjicienda
570 2138 716 2184 verba,
751 2133 802 2179 ἕξ
821 2140 867 2176 ut
886 2132 1136 2189 respublica'
1121 2147 1163 2175 m
1176 2131 1451 2189 prioremsta-

102 2219 190 2256 tum
212 2213 500 2271 restitueretur.
558 2209 666 2259 Quae
696 2207 724 2248 fi
751 2207 949 2248 sententia
974 2206 1107 2261 potest
1131 2205 1282 2261 graecis
1313 2203 1451 2247 verbis

102 2284 252 2334 inesse,
283 2284 551 2338 intelligenda
571 2296 622 2323 ex
645 2280 830 2336 superori
849 2278 967 2321 versu
987 2277 1056 2319 illa
1075 2279 1199 2319 verba
1218 2276 1383 2324 fuerint,
1402 2273 1451 2330 ην

103 2354 274 2411 ἔχοντές
292 2369 392 2397 ποτε
414 2354 499 2397 &c.
559 2353 640 2396 Sed
668 2354 710 2395 id
734 2352 901 2408 quidem
930 2349 1073 2392 durius
1101 2349 1284 2390 videtur.
1316 2347 1359 2389 δι
1379 2352 1451 2389 aut

103 2430 226 2474 verba
243 2427 439 2472 nonnulla
457 2427 498 2468 in
518 2441 610 2468 earn
630 2435 700 2467 aut
725 2426 766 2466 in
788 2422 959 2464 fimilern
987 2421 1228 2463 sententiam
1260 2420 1452 2461 videntur

102 2501 219 2544 fuiffe
238 2501 488 2555 adjicienda,
528 2505 599 2540 aut
625 2511 701 2554 pro
719 2489 908 2548 τοιαύτην
939 2493 1195 2534 scribendum
1222 2486 1294 2547 τήν
1314 2485 1452 2544 αὐτ-ἤν,

102 2573 170 2615 vel
192 2568 266 2627 τήν
291 2566 472 2628 πρώτην,
510 2583 604 2625 quae
635 2568 841 2618 Gronovii
873 2567 1006 2607 fuerat
1035 2563 1229 2618 suspicio,
1259 2577 1381 2618 quam
1408 2563 1453 2603 in

103 2659 177 2686 ora
196 2645 253 2686 sui
275 2644 454 2699 exempli
473 2641 728 2698 fignificavit.
789 2638 984 2681 Ceterum
1004 2635 1032 2678 fi
1060 2636 1180 2690 plane
1199 2633 1350 2677 abefl'et
1371 2646 1452 2675 vox

104 2712 303 2773 τοιαύτην,
332 2729 417 2757 non
437 2715 658 2756 admodum
679 2712 987 2758 desideraretur,
1017 2722 1095 2749 nec
1115 2708 1197 2750 ulla
1217 2707 1375 2750 lacunae
1394 2705 1456 2746 su-

102 2790 229 2845 spicio
246 2789 366 2831 facile
393 2785 491 2829 esset
519 2786 735 2835 obortura,
775 2783 898 2825 verba
925 2780 997 2822 ista
1017 2775 1083 2834 noe)
1104 2774 1175 2833 τήν
1202 2779 1333 2820 πολιτ.
1357 2773 1453 2818 αἶπο-

92 2876 274 2905 -κοιτοιστ,
294 2859 618 2916 interpretand0‚
645 2855 697 2902 ἔθ’
715 2861 761 2900 ut
770 2853 847 2911 jus
868 2853 1046 2897 civitatis
1068 2852 1147 2893 illis
1164 2851 1453 2908 restitueretur.

863 2926 920 2968 Ll
950 2937 973 2978 3
1373 2919 1453 2962 Sed
