1780 3268
302 193 416 259 4'54⁴
728 194 1230 246 AnnoTAnoinzs

111 333 196 378 Cap.
218 336 263 370 X.

115 394 209 431 Vers.
231 404 245 431 ι
254 421 264 432 .

121 1544 216 1584 Vers.
239 1554 272 1583 2.

124 1967 220 2009 Vas.
244 1978 287 2014 4.

128 2324 227 2364 Vers.
245 2333 281 2370 ς.

133 2542 226 2581 Vers.
248 2550 284 2587 7.

630 361 636 366 ,
708 302 712 304 ’
751 313 787 358 c
822 315 864 375 ,Α
904 314 936 356 P
973 312 1017 358 v
1054 312 1096 357 'r
1151 313 1209 358 x.

389 389 437 434 V
432 387 507 444 ets.
538 402 573 432 1.
600 387 777 431 Αἰτωλοὶ
801 381 876 428 ὑπὸ
895 386 964 428 τοῦ
982 387 1060 428 τῶν
1080 380 1283 438 Ῥωμαίων
1304 384 1386 430 &c.
1430 385 1655 442 Fragmen-

297 469 389 507 tum
401 462 496 514 hoc,
510 464 559 503 de
573 461 688 516 cujus
707 466 955 514 argumento
966 459 1244 502 conferendus
1257 459 1396 501 Livius
1405 457 1654 519 XXXVIII.

299 546 339 589 5.
364 535 523 591 primus
544 534 672 574 edidit
692 531 952 573 casaubonus
972 530 1014 572 in
1036 530 1200 586 Polybii
1218 530 1251 572 F
1252 531 1480 586 ragmentis
1508 545 1562 576 ex
1579 545 1654 575 eo.

296 608 395 650 dem
427 607 575 648 codice
599 602 878 657 manuscripto
911 601 1188 646 Bibliothecae
1219 609 1320 644 tunc
1348 603 1495 659 Regiae
1515 601 1654 646 Pacifi-

294 692 388 728 nae,
418 691 442 718 e
462 690 545 733 quo
567 676 716 718 deinde
736 687 845 718 anno
874 672 995 729 1694.
1014 679 1130 716 totus
1150 674 1339 727 libellus,
1370 676 1442 730 qui
1460 675 1533 719 ista
1555 674 1649 719 Fra·

296 739 468 806 gmenta
487 747 714 803 Polybiana
733 746 944 792 continet,
972 759 1069 787 cum
1091 745 1182 788 aliis
1205 745 1403 789 Veterum
1423 747 1654 792 Mathema-

296 822 470 863 ticorum
491 817 698 874 operibus,
727 818 842 873 typis
863 816 1074 873 exprefl'us
1095 817 1166 860 est.
1224 818 1291 860 De
1317 831 1368 865 eo
1387 818 1529 880 libello
1553 834 1651 864 con.

295 893 363 937 fer
380 892 535 934 Fabric.
553 892 596 932 in
615 890 718 932 Bibl.
736 888 874 932 Graec.
894 888 949 932 T.
961 889 1010 931 ll.
1031 903 1071 945 p.
1087 900 1184 946 594.
1205 889 1251 934 δε
1271 903 1366 946 quae
1389 890 1570 936 breviter
1593 894 1653 936 di-

299 965 439 1007 ximus
460 964 503 1006 in
529 962 650 1005 Praef.
671 963 721 1004 ad
741 961 889 1017 Polyb.
908 961 1032 1005 Tom.
1042 962 1075 1004 Ι.
1096 976 1137 1018 p.
1156 975 1219 1018 ¹3·
1251 961 1506 1019 Scriptorem
1527 965 1657 1009 libelli
1741 1006 1746 1016 ,

298 1049 557 1091 anonymum
577 1035 822 1096 Lambecius
853 1031 1083 1078 Tom.V11.
1108 1034 1301 1077 Biblioth.
1336 1032 1534 1086 Caesareae
1562 1040 1662 1083 cod«

300 1108 414 1152 CXI.
437 1119 528 1160 n.7.
560 1105 605 1150 &
634 1104 888 1151 cod.CXlV.
914 1118 955 1147 n.
967 1109 1006 1157 8.
1035 1107 1183 1150 docuit
1206 1105 1288 1148 esse
1308 1106 1508 1151 Heronem
1521 1109 1658 1165 junio-

299 1194 392 1223 rem
410 1208 423 1227 ‚
472 1179 543 1235 qui
579 1177 649 1220 sub
680 1179 932 1234 imperatore
956 1178 1150 1220 Heraclio
1181 1178 1338 1222 floruit.
1406 1179 1659 1238 Exemplum

301 1260 480 1295 msstum
503 1250 680 1306 ejusdem
700 1249 826 1293 libelli
844 1249 1028 1293 servatur
1053 1250 1096 1292 in
1118 1250 1377 1295 Bibliotheca
1403 1246 1665 1298 Vniverfitass
1709 1272 1713 1276 ·

302 1325 359 1369 tis
379 1321 636 1372 Bafileenfis,
671 1321 714 1363 in
733 1319 995 1364 Collectione
1021 1320 1280 1385 Scriptorum
1303 1321 1550 1370 Graecorum
1572 1327 1660 1370 Me-

304 1396 601 1445 chanicorum,
633 1406 729 1449 quae
750 1394 900 1436 codice
921 1392 1116 1449 persimili
1143 1395 1282 1438 codici
1299 1395 1500 1450 Parisino,
1531 1413 1556 1441 a
1573 1411 1660 1456 quo
1705 1412 1708 1418 ·

305 1468 407 1511 editi
429 1467 519 1510 sunt
538 1466 599 1508 illi
627 1466 871 1520 scriptores,
901 1467 1157 1509 continetur.

395 1535 512 1595 Vers.
539 1551 579 1582 2.
611 1532 657 1580 τό
678 1533 893 1595 Πύῤῥειον.
933 1535 1089 1581 Confer
1104 1538 1212 1581 L1v11
1230 1539 1478 1596 interpretes
1500 1542 1551 1584 ad
1570 1534 1667 1600 cap.
1766 1549 1769 1604 ζ

307 1622 358 1666 5,
383 1623 420 1655 2.
442 1610 486 1654 &
508 1610 674 1653 cellam
688 1607 846 1665 Geogr
859 1609 1004 1664 Antiq.
1025 1609 1095 1652 lib.
1111 1609 1165 1652 II.
1185 1624 1221 1652 c.
1238 1613 1318 1666 ι3ῖ
1330 1611 1484 1668 Pyrrhi
1503 1610 1674 1670 regiam'
1766 1609 1769 1619 ⁴

306 1685 408 1728 olim
428 1681 544 1726 fuisse
563 1682 850 1729 Ambraciam,
883 1681 1083 1736 Polybius
1113 1682 1239 1725 docet
1263 1683 1393 1734 infra,
1420 1698 1511 1741 cap.
1523 1698 1600 1739 22,
1619 1698 1661 1744 9.

308 1755 418 1799 Ibid.
461 1752 758 1809 Ἀσκληπιὲἶον.
842 1749 1111 1807 Ἀσκληπὲἳον
1144 1754 1328 1798 ediderat
1355 1754 1523 1801 casaub.
1551 1759 1663 1804 haud

308 1829 369 1873 ita
387 1827 510 1870 male.
570 1827 793 1882 Perperam
821 1839 925 1869 vero
946 1820 1193 1882 Ἀσκληπιδν
1210 1823 1368 1871 editum
1397 1829 1517 1873 estin
1535 1828 1665 1876 Vete-

310 1900 426 1943 ribus
446 1899 645 1942 Mathem.
809 1898 818 1903 ’
1757 1917 1764 1962 3

404 1967 524 2026 Vers.
552 1981 592 2025 4.
621 1968 790 2025 ἐνεργῶς
811 1965 926 2012 refte
949 1943 1117 2012 Casaub.
1154 1970 1327 2026 ἐναργως
1357 1973 1554 2016 mendose
1570 1948 1667 2017 scri-
1716 1960 1719 1963 ἢ
1761 1967 1763 1970 ⁴

313 2043 457 2087 bitur
446 2057 490 2085 m
509 2041 609 2087 Vet.
628 2041 758 2084 Math.
816 2061 875 2072 —·
932 2039 1038 2083 Ibid.
1072 2037 1292 2098 wadnam
1309 2038 1542 2098 μολύβδινοι.
1573 2046 1667 2090 Per·
1755 2034 1763 2055 ³

312 2127 458 2172 peram
479 2108 700 2170 σηκωματα
726 2107 904 2167 μόλιβδοι
929 2114 992 2156 ed.
1014 2114 1133 2156 Paris.
1156 2113 1251 2159 Vet.
1279 2116 1405 2158 Math.
1451 2115 1669 2169 μολίβδινοι
1759 2124 1765 2142 ‘

311 2187 430 2230 scribi
457 2193 649 2242 potuerat
675 2198 751 2241 per
761 2185 874 2240 jota,
913 2191 960 2228 ut
980 2184 1096 2230 VIlI.
1119 2198 1170 2241 7,
1189 2197 1230 2243 9.
1287 2214 1347 2224 --
1405 2187 1508 2233 lbid.
1535 2185 1670 2248 στύπη
1749 2199 1756 2251 J

307 2253 462 2316 ὁρόω.
489 2257 611 2303 conf.
634 2263 777 2299 notata
801 2257 851 2300 ad
869 2256 903 2299 Ι.
923 2261 1003 2312 48,
1024 2267 1066 2312 9.
1607 2301 1617 2305 ,
1677 2255 1680 2258 ⁴

399 2328 512 2387 Vers.
535 2341 572 2385 5.
603 2323 891 2382 κατασχόντες
912 2329 1044 2371 ταῦτα
1062 2327 1144 2373 &c.
1175 2329 1348 2374 Livius:
1371 2330 1518 2387 falces,
1551 2345 1670 2377 anco

317 2403 381 2445 ris
388 2391 547 2457 firre'is
567 2400 721 2457 injeffis
745 2402 787 2444 in
805 2402 1036 2446 interiorem
1048 2407 1212 2457 partem
1224 2405 1335 2446 muri
1355 2403 1560 2449 trahentes
1578 2403 1673 2464 affl·
1746 2415 1748 2417 ’

317 2486 435 2524 rem,
459 2471 801 2529 proefringebant.

406 2545 455 2588 V
449 2542 523 2602 ers
546 2558 586 2600 7.
613 2545 701 2588 Τοῦ
726 2539 804 2601 ‘reip
828 2541 1087 2601 Ncuoc'vdpov’
1069 2541 1185 2594 εκτός
1215 2543 1572 2614 οἶγαστρεφομένου
1591 2548 1677 2595 &c.
1737 2543 1748 2610 ’Υ

320 2615 444 2669 Haec,
474 2632 498 2659 a
515 2617 778 2660 Casaubono
767 2630 810 2659 m
830 2616 994 2673 Polybii
1014 2618 1277 2674 Fragmentis
1296 2620 1574 2674 praetermiffa,
1594 2634 1676 2672 nos
1725 2628 1747 2649 ’ἓ

323 2688 550 2745 adjicienda
582 2689 835 2744 putavimus,
920 2689 1138 2744 Leguntur
1175 2691 1215 2732 in
1257 2679 1438 2733 editione
1469 2691 1674 2736 Parifienfi

323 2760 506 2816 ejusdem
523 2760 649 2803 libelli
669 2761 876 2813 Heronis,
907 2773 1036 2817 p.321
1057 2762 1138 2817 seq.
1197 2762 1407 2807 pertinent
1428 2771 1567 2807 autem
1593 2765 1678 2808 hue
1726 2762 1742 2782 ‘'

322 2831 430 2878 Livii
450 2832 572 2878 verba
591 2831 832 2881 XXXVIII.
857 2842 899 2888 5.
962 2832 1173 2877 Nicander
1195 2839 1354 2889 praetor
1383 2833 1680 2890 (Aetolorum)

1573 2906 1681 2966 spei»
1696 2954 1704 2959 -
