1780 3268
140 353 237 392 Vers.
260 361 294 399 5.

134 750 231 792 Vers.
250 763 284 798 7.

323 222 405 270 534
722 228 1241 264 λυκοτιιτῐοκις

295 327 410 370 Sed
438 330 665 374 verendum
697 331 776 382 est,
815 346 870 374 ne
907 333 1052 376 frustra
1078 335 1378 392 indulgeamus
1406 333 1682 392 σοῐῇεᾶῠτίε·

323 413 420 442 nam
438 398 484 442 &
510 402 589 443 alia
616 403 698 444 hoc
730 404 828 446 loco
865 404 1010 447 misere
1036 414 1230 462 corrupta
1255 408 1299 448 in
1328 408 1527 451 codicbus
1564 408 1678 460 sunt}

322 471 457 517 statim
479 473 592 519 enim
609 471 708 530 vers
709 472 798 533 seq
828 489 912 518 non
943 478 1211 521 ἐποιοῦντο
1246 477 1399 521 habent
1418 480 1532 532 libri,
1563 481 1678 536 quod

324 556 376 584 ex
394 542 619 588 casauboni
637 548 928 590 emendatione
947 550 1030 602 est,
1057 548 1124 593 sed
1155 547 1490 606 &repedavi-03
1524 550 1570 596 &
1589 552 1682 609 post

324 614 407 659 hoc
430 616 600 659 verbum
625 617 832 662 nescimus
854 635 906 663 an
926 608 1261 678 conjunftionem
1285 623 1329 666 δὲ
1349 637 1402 665 ex
1423 623 1596 679 ingenio
1613 625 1680 668 ad·

319 685 470 743 jecerit
489 689 672 742 Vrsmus,
703 704 826 746 quam
845 691 1069 736 Bavaricus
1094 701 1209 737 certe
1227 697 1362 738 codex
1381 695 1564 751 ignorat.

412 760 462 803 V
456 758 530 815 ers
542 774 580 816 7.
611 759 678 805 Ου
695 762 891 821 δυναμένη
912 761 966 808 δέ.
998 764 1040 808 δὲ
1058 766 1210 821 adjecit
1229 766 1398 811 Casaub
1436 766 1560 812 Deest
1579 761 1680 812 editi

323 829 457 874 Vrfin.
486 830 531 875 &
557 835 711 876 msstis.
771 846 829 867 '—-
888 837 994 881 Ibid
1023 836 1333 896 προεχειρίσατο
1367 836 1481 881 reste
1511 838 1680 882 casaub.

320 916 420 947 cum
446 903 542 948 Bav.
590 902 913 963 τροεχειρῆσατο
931 908 1065 954 Vrfin.
1125 933 1177 944 —
1237 910 1343 953 Ibid.
1362 909 1506 959 Τιτος,
1537 908 1679 954 Κοιικί

321 975 429 1023 amc,
459 981 497 1018 ⁴⁸
556 992 799 1029 vnsmvs,
830 983 873 1023 in
903 981 1051 1031 Notis,
1088 982 1182 1025 haec
1214 983 1340 1025 verba
1359 983 1567 1032 reserens,
1595 972 1682 1026 Ου-

324 1062 385 1090 τοι
405 1039 494 1090 ds*
468 1065 570 1104 ησοιν
590 1051 714 1100 Τιτος
737 1047 811 1096 Ko‘·
800 1061 904 1101 ’ντος
925 1051 1154 1105 Καικίλιος,
1181 1077 1239 1085 —-
1266 1055 1434 1107 „Locus
1451 1053 1535 1097 fine
1553 1055 1681 1099 dubio

324 1130 569 1177 corruptus,
600 1124 670 1166 ait.
713 1125 875 1180 Opinor
894 1134 1036 1168 autem
1053 1123 1256 1182 designari
1278 1125 1332 1176 Q.
1362 1126 1680 1170 Caeciliummes

322 1192 486 1242 tellum,
525 1195 582 1237 M.
600 1195 789 1240 Baebium
815 1196 1082 1253 Tampilum,
1113 1196 1157 1240 &
1183 1195 1253 1243 Ti.
1274 1197 1592 1254 Sempronium,
1626 1198 1682 1245 de

324 1264 473 1318 quibus
495 1266 662 1323 supra.“
690 1289 742 1301 —
784 1266 1045 1313 casaubonus
1061 1301 1074 1322 ,
1099 1270 1144 1312 in
1165 1271 1317 1326 graecis
1337 1275 1488 1313 tenens
1509 1270 1551 1312 id
1569 1270 1684 1325 quod
1707 1289 1712 1293 ‘

323 1335 367 1379 in
390 1344 591 1381 contextu
610 1338 745 1385 Vrfini
767 1341 824 1383 est
847 1342 1027 1392 editum,
1059 1341 1182 1390 Τῖτος
1197 1374 1207 1393 ,
1239 1341 1434 1392 Κοΐντιος,
1461 1339 1703 1407 Καικίλιοςῃ
1766 1373 1780 1413 23,

326 1407 370 1448 in
393 1407 579 1452 versione
608 1409 663 1454 fic
694 1411 850 1467 posuit,
879 1411 922 1455 hi
951 1419 1087 1456 autem
1115 1419 1234 1457 erant
1269 1414 1387 1457 Titus
1413 1418 1440 1446 ¹⁸²
1474 1412 1683 1469 Quintius,
1773 1422 1780 1427 ⁹

325 1475 520 1523 Caecilius.
579 1495 828 1527 nmsmvs
842 1515 855 1535 ,
879 1483 1121 1541 scripturam
1143 1486 1366 1542 respiciens
1385 1499 1510 1543 quam
1530 1487 1573 1551 in
1595 1485 1684 1528 No-

322 1550 379 1593 tis
400 1552 588 1597 exhibuit
605 1552 777 1598 Vrsinus
791 1587 802 1606 ‚
831 1555 925 1598 haec
945 1558 1129 1602 monuit:
1158 1553 1364 1607 „K62vroc
1381 1554 1589 1605 Καικίλιος
1619 1557 1680 1605 est

326 1634 451 1664 unuS.
511 1622 594 1667 Sed
623 1634 713 1669 tum
742 1629 876 1672 deerit
904 1629 1053 1672 tertius
1081 1630 1270 1686 legatus:
1297 1630 1544 1672 nominavit
1567 1628 1682 1674 enim

326 1694 456 1745 duoS,
485 1693 778 1753 Sempronium
809 1699 1064 1752 Gracchum,
1103 1711 1190 1745 tum
1219 1702 1274 1752 Q,
1302 1701 1520 1751 Caecilium
1539 1701 1685 1744 Metel-

328 1766 440 1808 lum:
472 1769 592 1811 restat
618 1773 782 1821 tertiuS‚
819 1773 878 1814 Μ.
897 1773 1062 1818 Baebius
1081 1774 1339 1830 Tamphilus.
1368 1774 1449 1819 vid.
1467 1772 1585 1816 Fulv.
1604 1772 1684 1819 Vr·

329 1835 402 1880 fin.
422 1839 470 1880 ad
491 1839 532 1881 h.
545 1840 572 1885 l.
633 1841 716 1884 Sed
745 1844 878 1886 multo
907 1845 1159 1899 probabilius
1179 1846 1394 1888 Pausanias
1415 1843 1510 1890 Vll.
1535 1855 1575 1900 9.
1596 1844 1684 1901 Ap-
1728 1838 1729 1842 ¹
1776 1862 1780 1909 ’1,

331 1909 404 1966 pio
424 1910 599 1954 Claudio
621 1912 715 1957 haec
733 1915 915 1961 tribuit.“
953 1939 1010 1947 -—
1070 1916 1317 1974 Respexerat
1337 1917 1492 1961 scilicet
1509 1915 1683 1963 Vrfinus

332 1987 420 2024 tres
440 1982 538 2024 illos
560 1984 750 2040 legatos,
794 1989 866 2043 qui
889 1986 1052 2031 XXIII.
1073 1988 1122 2038 6,
1144 1989 1184 2033 6.
1206 1991 1485 2032 nominantur.
1540 1989 1606 2032 At*
1629 1995 1684 2031 ex
1762 1993 1773 2039 J

332 2053 416 2097 illis
435 2055 588 2114 tribus,
621 2058 665 2099 in
683 2057 748 2102 his
770 2058 928 2110 verbis,
957 2062 1008 2103 de
1032 2063 1181 2117 quibus
1201 2076 1311 2104 nunc
1332 2061 1572 2117 quaerimus,
1597 2069 1686 2104 non
1758 2086 1773 2128 3-

333 2124 407 2171 nifi
429 2123 558 2169 unum
585 2130 809 2185 agnoscere
843 2132 968 2183 licet3
1005 2142 1119 2176 certe
1148 2133 1217 2179 Ti.
1245 2133 1539 2190 Sempronium
1557 2130 1685 2176 Grac-
1763 2172 1766 2180 ⁴

332 2197 458 2240 chum
478 2212 561 2241 non
587 2204 748 2258 magiS,
780 2217 904 2260 quam
924 2206 980 2248 M.
1000 2205 1201 2259 Baebium,
1232 2206 1300 2248 hic
1320 2205 1531 2263 agnoscas,
1576 2203 1685 2248 Cum

331 2267 441 2312 haud
464 2272 588 2314 dubie
610 2276 850 2319 nominetur
872 2279 1050 2332 primum
1070 2278 1215 2328 Τῖτος,
1243 2279 1285 2320 id
1309 2278 1390 2329 est,
1424 2277 1541 2321 Titus
1562 2275 1687 2333 Qm‘n-

331 2339 458 2389 eius,
498 2344 590 2399 qui,
641 2346 854 2403 postquam
884 2347 997 2392 visto
1029 2350 1216 2406 Philippo
1242 2347 1422 2395 Graeciae
1450 2349 1687 2393 libertatem
1755 2340 1771 2386 ἶ

331 2414 595 2469 reddiderat,
632 2419 769 2462 rursus
797 2419 914 2468 AN.
938 2420 1018 2476 562
1047 2421 1093 2465 &
1120 2423 1215 2476 563.
1242 2423 1436 2478 princeps
1461 2420 1684 2479 legationis
1764 2427 1766 2440 ²

329 2484 466 2528 fuerat
483 2487 526 2529 in
548 2486 754 2534 Graeciam
779 2492 931 2543 missae-3
961 2494 1076 2547 (Liv.
1092 2493 1274 2538 XXXV.
1294 2506 1345 2549 23
1359 2493 1455 2539 &c.·
1469 2493 1582 2539 conf.
1598 2491 1686 2536 Ad·
1746 2527 1754 2530 »-

245 2567 250 2573 ··
331 2564 422 2599 not.
444 2559 493 2601 ad
514 2559 657 2618 Polyb.
677 2562 776 2609 XX.
803 2577 874 2613 12,
902 2566 957 2619 ι.)
978 2575 1067 2609 tum
1099 2565 1149 2622 Q.
1168 2565 1370 2618 Coecilius,
1400 2566 1470 2621 qui
1491 2565 1685 2621 princeps
1757 2539 1764 2583 Ξ

331 2626 557 2682 legationis
577 2632 712 2680 fuerat
731 2635 784 2686 A.
801 2636 853 2680 V.
876 2636 983 2693 5693
1026 2638 1195 2694 (Polyb,
1211 2638 1371 2681 XXIII.
1395 2635 1444 2688 6,
1462 2635 1504 2686 6.
1539 2635 1684 2684 Livius
1754 2645 1759 2694 2¹

333 2697 540 2749 XXXIX.
561 2709 649 2758 24.)
675 2708 884 2763 probabile
905 2711 1050 2765 utique
1072 2710 1130 2754 est
1139 2742 1151 2763 ,
1181 2712 1365 2762 tertium,
1395 2709 1512 2765 cujus
1528 2721 1684 2751 nomen
1750 2710 1753 2722 ”

333 2771 556 2824 intercidit,
588 2775 669 2832 Ap.
694 2778 909 2824 Claudium
929 2781 1058 2834 fuisse,
1091 2783 1320 2838 principem
1352 2781 1574 2837 legationis
1593 2778 1685 2823 mis-
1748 2785 1764 2842 'J

335 2839 390 2891 {ae
411 2843 529 2894 A.V.
541 2856 638 2907 570.
665 2851 835 2916 (Polyb.
851 2853 1104 2904 XX11L12,
1127 2855 1188 2914 3.)
1218 2855 1360 2915 anue
1379 2854 1503 2902 etiam
1522 2850 1686 2897 Grono-
1748 2854 1771 2877 ‘³

1626 2922 1684 2968 vii
1747 2926 1759 2974 ζ
