1780 3268
485 268 565 298 ΑΒ
593 267 808 298 Ροινιι.
837 266 986 297 xxxv.
1015 257 1058 304 8.
1357 261 1442 307 543

1460 325 1652 359 ----.-.

87 370 226 413 culam
243 369 356 413 illam
382 365 656 426 praetermifit.
741 368 927 415 Verbum
951 367 1007 411 δεῖ
1039 364 1260 422 utrobique
1300 363 1437 408 omifit

85 443 200 485 idem
218 441 378 484 Suidas.
1417 496 1419 498 -

178 512 288 569 Vers]
306 525 347 568 4.
379 513 626 566 μεταγαγὲἲν
653 512 730 564 μὲν
753 509 806 560 εἰς
832 507 906 567 τῆν
923 511 993 555 νῦν
1019 509 1096 563 μὲν
1121 506 1336 563 Ἡμαθίαν
1355 508 1440 553 &c.
1482 502 1576 542 vers·
1595 514 1634 553 4·

89 585 247 628 Eadem
271 586 414 628 Livius
433 587 557 627 habet
576 586 645 628 lib.
660 585 749 628 XL.
768 597 856 639 c.3.
883 586 924 626 in
948 585 1072 627 rebus
1100 585 1195 626 anni
1215 583 1443 638 sequentis,

89 657 159 700 ubi
181 657 233 706 Q.
253 655 455 700 Marcium
477 658 732 713 legationem
756 657 1071 699 renunciantem
1092 655 1264 699 inducit.

179 727 293 785 Vbrs.
319 741 361 784 7.
406 724 711 785 θεοκλυτήσεις.
768 729 880 770 Citat
924 727 1072 771 Suidas
1119 729 1164 772 in
1213 719 1441 782 Θεοκλυτῆ-
1478 722 1573 759 Vefs·
1591 734 1630 771 7.

87 814 244 849 σαντες.
831 795 835 802 ’

177 868 294 930 Ve's
327 877 367 922 8.
415 867 635 928 βουληθεὶς
672 871 794 928 μηδὲν
831 866 1038 928 α’λὶιότριον
1076 868 1357 927 ὑποκαθέεθοᾳ.
1383 892 1437 904 --

88 946 262 998 „Pofl'et
284 943 558 1000 ὑπακαθέαῖα]
577 946 697 996 ferri,
727 958 960 1001 quanquam
987 941 1258 1000 ὑποκαθῆαθοι]
1278 944 1442 1000 praesta·

90 1026 177 1069 ret,
206 1017 279 1060 nifi
300 1014 509 1060 ἀπολιπεῖν
526 1018 784 1073 sequeretur,
817 1019 927 1074 quod
946 1017 1171 1061 neceffario
1191 1011 1441 1073 §veona-3256-

88 1106 210 1143 μενον
227 1098 298 1133 aut
315 1087 624 1142 ὑποκαθὲμενον
642 1097 711 1132 aut
731 1085 1004 1132 ὑποκαθεεθὲν
1028 1089 1206 1145 postulat
1218 1121 1231 1142 ,
1262 1088 1441 1144 [ὑποκα.

87 1162 227 1206 θεθὲν
244 1171 436 1217 putamus
456 1162 629 1204 scribere
641 1162 828 1204 voluerat
848 1163 910 1204 vir
920 1159 1088 1217 doftus]
1106 1161 1205 1206 nihil
1221 1163 1444 1219 relinquere

89 1232 284 1293 subsidens
301 1232 467 1291 usquam
486 1235 528 1277 in
547 1232 710 1288 insidiis,
720 1233 829 1291 quod
841 1246 867 1276 a
874 1231 924 1290 se
934 1234 991 1292 sit
1012 1236 1159 1277 animis
1178 1235 1441 1277 alienatum.“

91 1320 347 1350 nmsmvs.
389 1329 448 1338 --
514 1306 723 1358 „Profert
759 1307 870 1348 hunc
902 1307 1042 1349 locum
1078 1306 1226 1350 Suidas
1255 1309 1296 1349 in
1328 1307 1370 1348 h.
1398 1320 1439 1348 v.

88 1379 222 1436 (quod
244 1380 354 1433 fugit
370 1378 609 1431 Kiisterum)
627 1378 670 1421 δι
689 1378 983 1434 interpretatur
1010 1380 1289 1436 συγχωρῆσαί,
1322 1376 1438 1433 doe?-

89 1467 178 1506 voq,
206 1453 342 1507 magis
375 1466 399 1492 e
432 1454 633 1501 c'ontextu
664 1464 784 1505 quam
817 1459 1023 1493 accurate.
1079 1451 1278 1495 Kusterus
1310 1453 1439 1495 vertit

77 1522 334 1583 submittere,
363 1524 535 1573 melius,
563 1522 630 1565 sed
656 1523 872 1565 contextui
890 1536 973 1565 non
995 1523 1088 1566 satis
1108 1531 1214 1580 apte,
1243 1538 1322 1567 nec
1342 1524 1439 1566 satis

90 1598 214 1640 clare.
270 1596 483 1651 Philippus
502 1595 680 1645 nolebat,
711 1593 866 1637 reliffis
885 1594 1197 1638 interfeftorum
1218 1597 1373 1638 civium
1391 1597 1438 1639 li-

87 1669 221 1720 beris,
251 1665 465 1724 immiscere
487 1667 743 1726 claudestinos
761 1665 909 1725 hostes,
938 1668 1008 1724 qui
1026 1668 1132 1710 velut
1153 1670 1195 1711 in
1213 1668 1360 1726 insidiis
1380 1669 1440 1711 la*

89 1746 232 1784 terent.
290 1740 476 1795 Nempe,
505 1740 575 1795 qui
596 1740 638 1782 in
659 1738 809 1795 insidiis
835 1740 1020 1787 collocat,
1051 1741 1203 1783 dicitur
1232 1737 1439 1784 ὑποκριθέ-

87 1815 191 1867 090q;
219 1811 265 1855 &
284 1809 574 1867 ὑποκαθῆσθαί,
607 1812 677 1868 qui
695 1812 872 1855 collocati
882 1809 997 1866 sunt.
1051 1811 1312 1869 Hesychius:
1344 1811 1440 1856 ὑπο-

15 1880 24 1892 ⁶
89 1884 305 1940 κωθῆιθοᾳ·
344 1878 599 1941 ἐνεδρεύειν.“
655 1897 923 1929 ssRuEsrvs
955 1886 998 1927 in
1028 1883 1167 1927 ,Le-xic.
1192 1885 1335 1940 Polyb.
1380 1905 1436 1917 —·-

86 1957 225 2001 Immo
263 1971 366 1999 vero
393 1953 662 2012 ὑποκαθέιθοι]
690 1970 773 2000 non
799 1958 960 2011 minuS,
999 1971 1120 2013 quarn
1151 1953 1438 2013 ὖποκαθῆιθοᾳ,

1479 858 1574 896 Vers.
1591 863 1630 911 ¹8.

88 2027 294 2080 collaetari,
320 2030 448 2071 latere
463 2030 505 2072 in
523 2028 673 2085 insidiis
688 2027 911 2085 fignificat,
943 2037 989 2072 ut
1010 2028 1122 2072 retste
1141 2032 1304 2073 monuit
1323 2032 1437 2074 idem

87 2099 308 2155 Suidas,&
327 2101 490 2157 prolato
508 2102 701 2158 exemplo
723 2102 927 2144 nescimus
951 2103 1070 2157 cujus
1092 2104 1246 2145 veteris
1266 2103 1437 2159 scripto-

87 2174 147 2216 ris
165 2175 335 2223 docuit;
365 2187 502 2230 neque
535 2175 756 2229 quidquam
787 2174 896 2215 aliud
922 2173 1004 2218 hoc
1034 2174 1132 2216 loco
1165 2174 1438 2220 defideraturz

87 2246 215 2287 noluit
230 2244 443 2301 Philippus
465 2253 511 2288 ut
529 2246 686 2302 aliquid
701 2243 782 2300 ase
799 2247 1018 2288 alienatum
1037 2246 1077 2287 in
1100 2247 1251 2303 insidiis
1274 2248 1435 2291 lateret.

87 2317 238 2372 Neque
268 2317 355 2359 ullo
383 2319 510 2360 modo
541 2332 648 2373 opus
676 2318 759 2369 est,
786 2328 833 2362 ut
860 2331 957 2360 cum
975 2316 1149 2361 Reiskio
1169 2319 1439 2377 participium

87 2388 131 2431 h.
141 2389 167 2432 1.
191 2403 268 2445 pro
288 2388 498 2432 infinitivo
515 2391 788 2445 requiramus.

172 2459 278 2503 Ibid.
307 2457 516 2506 οἷπολιπὲῐν
536 2463 586 2521 τῇ
601 2458 802 2517 βασιλείᾳ.
831 2456 1021 2517 βασιλείᾳ
1038 2462 1220 2506 correxit
1240 2462 1440 2516 Valefius,

80 2539 134 2576 ‘ut
156 2533 215 2576 est
234 2535 342 2589 apud
373 2533 552 2579 Suidam.
615 2535 808 2578 Mendose
838 2533 889 2592 τῇ
911 2532 1112 2590 βασιλέως
1143 2536 1235 2576 cod.
1267 2536 1440 2579 Peiresc.

87 2603 294 2662 Suspicari
315 2613 454 2648 autem
474 2607 596 2658 licet,
628 2610 681 2650 ἐν
707 2608 759 2666 τῇ
777 2608 918 2661 βασιλ.
943 2606 1059 2649 fuisse
1080 2607 1361 2658 scribendum,
1393 2616 1439 2651 ut

87 2676 326 2733 praepofitio
344 2678 503 2720 extrusa
522 2678 570 2721 fit
586 2680 634 2722 ab
659 2681 802 2723 ultima
820 2681 938 2722 litera
954 2694 976 2721 ν
999 2679 1111 2722 verbi
1135 2677 1411 2733 praecedentis
1423 2694 1438 2730 3

88 2747 163 2790 nifi
186 2750 434 2792 vocabulum
455 2746 645 2804 βασιλῆα
664 2766 774 2794 nunc
795 2752 1083 2808 accipiendum
1109 2759 1155 2793 ut
1167 2749 1220 2794 V.
1243 2749 1319 2802 61,
1334 2762 1372 2806 4.
1392 2750 1437 2794 &

85 2819 248 2863 XXIII.
271 2832 323 2877 9,
343 2835 382 2876 7.
401 2835 477 2877 pro
495 2837 613 2878 regia
622 2822 815 2877 familia
846 2825 910 2866 vel
936 2824 1056 2870 aula,
1088 2823 1198 2877 quod
1220 2823 1440 2867 vernaculo

84 2891 274 2936 strmone
293 2895 335 2938 la
357 2903 455 2937 cour
473 2903 544 2939 aut
559 2897 594 2938 Ie
610 2901 924 2952 gouvernement
947 2907 1161 2939 vocamus.

1331 2961 1440 3007 Ibid.
