1832 3282
290 249 638 300 EmsToLA
690 228 1294 329 anovPAToRJA
1453 264 1512 294 xv

96 376 366 443 amplissimo
377 380 633 425 Graecorum
645 373 904 441 scriptorum
913 373 1074 441 pelago
1095 371 1183 420 fine
1196 376 1357 420 cortice
1369 371 1513 439 (quod

97 451 245 510 ajunt)
278 461 451 504 natare,
483 445 753 502 demererer,
788 448 1015 511 impetravi
1046 442 1100 490 ab
1122 441 1390 491 ornatissimo
1416 447 1511 492 viro

96 521 260 566 Ioanne
282 519 479 574 Se'cerio'⁹
509 514 790 582 Hagano'e'nfi
808 513 1137 581 TypograpliO,
1172 531 1261 580 quo
1285 518 1374 575 jam
1395 513 1511 562 mul-

97 600 166 636 tos
180 605 320 635 annos
335 601 436 635 utor
457 585 809 642 familiariffime,
838 599 886 633 ut
905 587 1302 650 interpretationem
1324 585 1510 642 latinam

96 657 274 706 Nicolai
307 660 493 715 Perotti‚
531 661 612 705 viri
644 653 880 704 doctissimi
905 692 918 713 ,
950 652 1008 701 'ad
1042 654 1209 701 calcem
1239 652 1511 719 adjungeret,

96 741 146 775 ut
163 724 290 784 esset,
324 745 413 795 quo
443 745 763 794 nonnunquam
790 728 838 773 in
859 719 1050 773 authoris
1075 722 1197 772 sensu
1226 728 1432 772 haerentes
1461 730 1509 774 &

95 796 332 847 haefitantes
354 795 621 863 respicerent.
693 801 744 858 In
763 794 918 843 eadem
939 798 1026 842 hoc
1047 814 1186 842 unum
1205 797 1407 843 Lectores
1432 793 1507 843 ad-

95 867 290 916 monitos
310 865 392 915 effe
424 868 554 924 volo,
599 884 690 915 non
717 862 880 934 pauc'os
908 865 1032 916 locos
1058 884 1138 931 per
1159 862 1288 912 hosce
1312 869 1506 932 quinque

94 937 227 986 libros
252 958 277 986 a
307 941 479 985 Perotto
509 954 601 984 non
633 934 716 984 effe
745 932 976 1002 expressos.
1049 933 1168 1003 Qid
1185 949 1332 983 autem
1355 935 1508 985 cauffae

92 1005 226 1056 fuerit
244 1045 259 1065 .‚
309 1005 432 1075 quod
462 1008 646 1054 intacios
678 1007 926 1074 reliquerit,
970 1002 1075 1052 scire
1119 1021 1227 1054 non'
1247 1004 1436 1073 possum.
1459 1013 1508 1072 e)

93 1081 200 1126 Hoc
226 1079 373 1126 tamen
397 1075 529 1126 facile
557 1079 782 1139 conjecto,
810 1094 903 1124 non
942 1072 1025 1123 esse
1052 1073 1285 1134 credibile,
1329 1080 1507 1139 Perotto

10 1174 14 1181 ¹
91 1151 152 1211 ita
180 1164 257 1214 per
277 1152 435 1212 ⁴omnia
455 1147 679 1212 exemplar
708 1144 834 1194 fuiffe
863 1146 1060 1194 lacerum
1082 1151 1129 1195 ὅ(
1157 1147 1394 1206 mutilum3
1443 1151 1506 1196 in-

91 1216 271 1265 terdum
290 1221 409 1265 enim
420 1231 530 1265 totas
550 1214 775 1265 subterfilit
791 1221 996 1284 paginas:
1027 1219 1114 1264 hoc
1126 1235 1283 1265 verum
1299 1214 1382 1265 effe
1397 1236 1507 1266 mox

93 1285 389 1354 deprehendet
407 1326 420 1346 ,
471 1291 547 1355 qui
577 1286 834 1354 posteriores
869 1300 950 1334 tres
979 1282 1211 1352 praesertim
1236 1283 1368 1335 libros
1399 1306 1506 1336 cum

89 1354 166 1406 sua
196 1355 478 1406 translatione
500 1357 765 1405 contulerin
810 1353 1129 1424 Suppleviffem
1155 1375 1258 1405 vero
1290 1358 1505 1424 perliben-

91 1439 157 1476 ter
177 1424 305 1475 hosce
326 1426 538 1485 defectus,
572 1425 862 1494 nifinegasset
886 1425 1073 1495 quidam
1083 1427 1321 1494 pulchrum
1338 1426 1436 1487 esse,
1458 1433 1505 1481 in

91 1497 367 1546 alienolibro
385 1494 666 1564 ingeniosum
684 1496 821 1546 videri
841 1497 966 1545 velle}
1039 1502 1185 1564 Itaque
1206 1501 1382 1546 Pe1·otto
1410 1499 1504 1547 ver·

91 1565 262 1616 fionem
289 1565 409 1616 suam
440 1570 652 1616 intactam
680 1568 936 1636 reliquimus
957 1590 971 1625 ‚²
995 1583 1117 1617 non
1144 1573 1360 1634 gravatim
1391 1572 1506 1617 hanc

87 1635 296 1704 lampada
312 1638 432 1687 alteri
449 1636 672 1696 tradituri,
701 1642 788 1687 hoc
808 1639 979 1687 laboris:
993 1634 1157 1695 subire,
1191 1654 1374 1707 eaenque
1394 1634 1505 1688 invi-

89 1705 214 1756 diam
234 1712 280 1756 in
297 1705 338 1755 se
358 1711 552 1775 accipere
574 1709 760 1758 volenti.
795 1732 797 1734 ·
835 1717 942 1760 Non
969 1707 1252 1757 tam-multos
1274 1708 1507 1776 magistros

86 1778 232 1835 habet,
255 1781 329 1845 qui
352 1782 398 1825 in
418 1779 595 1846 publico
614 1776 812 1835 aedificat,
831 1797 964 1846 quam
983 1778 1053 1826 ille
1075 1782 1244 1845 iniquos
1266 1780 1504 1828 calumnia-

88 1861 203 1897 tores
222 1853 269 1897 &
287 1846 475 1911 judices,
505 1849 579 1917 qui
599 1853 686 1898 hoc
701 1846 858 1898 saeculo
880 1847 1049 1917 aliquid
1075 1853 1325 1899 communis
1342 1850 1503 1901 utilita-

85 1921 140 1968 tis
168 1923 305 1985 gratia
324 1916 415 1967 edit
432 1923 478 1967 ὅ(
494 1916 638 1968 scribit
657 1923 705 1968 in
722 1920 966 1988 publicum.
1039 1940 1042 1944 ’

190 2017 612 2082 verumenimvero,
640 2032 690 2067 ut
715 2016 893 2067 tandem
922 2012 1061 2066 finem
1087 2015 1275 2076 faciam,
1306 2021 1398 2081 ejus
1427 2035 1503 2086 ge-

85 2086 199 2136 neris
219 2090 421 2136 authores·
439 2086 618 2155 priscos,
641 2087 792 2140 solidae
815 2086 1071 2138 eruditionis
1091 2087 1407 2147 refertissimos,
1428 2089 1503 2138 de-

84 2158 244 2205 bebant
263 2157 396 2206 nostri
408 2172 589 2228 ‘quoque
608 2160 907 2227 Typographi
926 2158 1108 2208 tandem
1128 2177 1206 2226 per
1215 2161 1503 2222 Germaniam

83 2225 324 2284 excudere.,
357 2240 405 2276 ut
425 2233 585 2295 optimi
604 2229 777 2279 codices
807 2235 968 2279 iterum
994 2233 1040 2279 in
1065 2230 1215 2279 lucem
1244 2228 1503 2280 reduceren—

82 2309 178 2365 tur,
204 2297 498 2366 haberentque
516 2304 650 2349 etiam
670 2303 847 2368 inopes,
878 2298 998 2350 unde
1025 2298 1242 2349 mediocri
1268 2299 1515 2369 impendio-

82 2367 308 2417 bonorum
332 2367 548 2418 librorum
568 2375 747 2438 copiam
766 2369 844 2420 fibi
867 2390 1016 2440 parare
1038 2370 1214 2440 poffinti
1235 2374 1320 2420 &c.
1340 2400 1356 2410 -
1375 2402 1391 2409 -
1413 2401 1431 2412 -
1458 2405 1460 2407 -

155 2468 246 2515 ⁴Ex
263 2467 612 2535 Onoltzpachi0‚
646 2468 1000 2542 decimoquarto
1022 2467 1245 2523 Kalendas
1275 2469 1501 2533 octobris,

0 2542 5 2567 ·'
70 2537 213 2586 ‘Anno
231 2535 300 2586 M.
313 2539 544 2590 D.XXIX.
576 2573 580 2574 ν

0 2811 9 2872 l

0 2874 9 2953 ξ

125 2672 159 2722 e)
191 2674 281 2714 vide
300 2675 437 2716 Praefat.
465 2676 570 2717 nostr.
587 2680 668 2715 T.1.
687 2686 780 2726 1250
788 2676 842 2726 sqo'

1295 2965 1525 3032 ARLE,
