1780 3268
380 251 458 282 An
488 248 697 280 Pomm.
726 240 888 282 xvxu.
919 244 986 291 25.
1005 232 1075 279 26.
1299 225 1378 284 38¹

49 355 264 406 sententia,
304 351 542 396 Corinthum
571 349 623 396 89³
655 351 904 407 Triphyliam
934 348 986 394 δέ
1011 349 1206 392 Heroeam
1236 342 1399 388 Aclzoeis

48 427 254 471 redditam
282 427 351 468 ait.
392 423 511 466 Conf.
541 425 679 466 eumd.
705 425 793 466 Liv.
823 423 1005 466 XXXII.
1027 433 1064 476 5.
1105 420 1227 476 Apud
1249 417 1395 472 Polyb.

49 501 175 557 paulo
198 499 383 546 inferius,
413 510 502 551 cap.
519 509 586 550 30,
615 508 678 538 10.
697 496 767 539 ubi
786 496 971 551 ejusdem
994 494 1106 536 urbis
1120 491 1279 534 mentio
1303 488 1400 530 fieri

34 573 213 622 debuit,
254 585 306 611 eo
335 569 422 624 ipso
450 570 544 611 loco
574 569 720 610 lacuna
746 568 805 610 est
831 569 873 609 in
894 567 1035 609 msstis
1053 564 1281 607 codicibus.
1314 559 1400 605 'Est

50 652 191 687 autem
218 641 368 684 Heraea
394 641 587 682 Arcadiae
615 640 838 697 oppidum,
885 653 1016 694 prope
1039 638 1239 682 Eleorum
1264 636 1399 680 fines:

53 718 106 760 de
124 729 211 771 quq
230 714 325 758 vide
350 713 516 759 Pausan.
548 711 664 757 VIII.
693 711 761 756 26.
785 725 827 768 p.
845 710 1003 767 652sq.
1083 766 1092 771 μ

441 868 476 911 c
509 868 550 911 A
580 868 611 911 Ρ
637 867 677 913 v
702 866 744 910 'r
798 865 988 912 xxvi.
1031 907 1033 910 .
1390 863 1635 921 cmxxvi.

136 959 255 1018 Veis.
288 975 322 1006 1.
359 959 486 1006 Τίτου
518 957 898 1020 παραχαμοίζοντοσ
919 965 964 1005 ἐν
983 956 1173 1017 Ἐλατεῖᾳ
1193 960 1278 1006 &c-
1335 958 1405 1005 Li·
1437 961 1532 1000 Vets-
1552 970 1586 1000 1·

57 1036 152 1095 'vius
170 1034 374 1078 XXXIII.
406 1047 460 1088 27
485 1035 567 1090 sqq.
607 1037 794 1079 eamdem
824 1050 911 1077 rem
935 1049 1127 1083 narrans,
1162 1038 1214 1077 de
1233 1049 1311 1090 qua
1331 1035 1402 1078 hic

58 1107 210 1161 agitur,
240 1120 454 1163 perperam
485 1106 657 1149 Athenis
684 1107 878 1150 hiemaffe
908 1108 1054 1151 Titum
1077 1109 1146 1158 ait,
1173 1106 1258 1149 five
1278 1106 1403 1163 ipfius

59 1178 291 1233 scriptoris,
328 1177 409 1222 five
437 1180 696 1221 librariorum
727 1195 891 1232 errore,
930 1194 1054 1236 quem
1082 1179 1128 1223 &
1149 1179 1322 1224 Vrfinus
1352 1180 1403 1222 ad

59 1250 172 1313 hunc
194 1250 355 1306 Polybii
381 1253 523 1295 locum
555 1252 737 1304 notavit,
763 1251 808 1296 &
827 1252 1071 1318 Perizonius
1093 1254 1148 1295 ad
1164 1253 1329 1296 Livium
1356 1252 1402 1295 in

59 1322 156 1378 edit.
175 1322 382 1366 Drakenb.

152 1409 264 1465 Vers.
293 1423 333 1454 2.
377 1406 445 1453 6102
471 1405 521 1454 τό
550 1410 804 1468 προορᾶσθαί
833 1407 902 1454 τᾶν
926 1409 1159 1465 Ἀντίοχον.
1225 1413 1366 1456 Livius
1389 1426 1401 1455 τ
1433 1420 1529 1461 Vers.
1550 1428 1586 1458 2.

60 1481 259 1526 Antiocho
277 1497 374 1538 rege
382 1483 478 1538 jam
484 1483 672 1539 suspeffo.
730 1481 838 1528 Hinc
857 1485 1025 1529 Vrsmus
1053 1486 1292 1528 mendosum
1316 1498 1408 1528 ver-

63 1555 164 1599 bum
183 1555 437 1612 προορᾶσθαι]
460 1557 640 1610 putavit,
669 1555 713 1599 ὅτ
733 1558 774 1598 in
795 1553 1031 1613 ὗφορὸἷσθοι]
1050 1559 1291 1601 mutandum
1311 1572 1407 1600 cen-

23 1637 25 1639 “
64 1626 165 1671 suit:
195 1636 376 1677 temere3
407 1628 466 1670 est
483 1629 596 1670 enim
620 1630 877 1684 προορᾶσθαί
897 1631 978 1672 hoc
1001 1631 1152 1686 ipsum,
1179 1624 1407 1686 suspest'um

45 1698 224 1753 ,habere,
256 1701 408 1751 timere,
438 1706 626 1754 metuere,
656 1712 821 1749 caver&
849 1702 982 1757 (conf.
1005 1704 1055 1745 ad
1075 1717 1112 1745 c.
1135 1713 1173 1757 5,
1198 1701 1287 1757 10.)
1304 1703 1408 1745 licet

67 1772 276 1814 interdum
311 1773 437 1814 etiam
472 1771 712 1829 simpliciter
747 1773 998 1830 praevidere,
1038 1772 1262 1831 prospicere
1299 1773 1407 1818 verti

67 1842 212 1899 point,
263 1850 312 1886 ut
339 1857 438 1886 mox
463 1845 564 1887 vers.
594 1857 631 1899 5.
664 1845 785 1903 hujus
822 1861 911 1903 cap.
989 1847 1164 1905 Semper
1190 1856 1328 1892 tamen
1363 1843 1409 1890 ih

33 1921 39 1933 ¹
61 1913 256 1959 {inisti-am
278 1922 460 1972 partem,
495 1917 540 1958 ni
557 1916 749 1967 fallimur,
776 1922 990 1976 accipitur.

151 2000 265 2057 Vers-
299 2013 335 2056 5.
366 2000 596 2056 Ζεύξιππον
612 2002 678 2063 κα.)
696 2005 974 2063 Πεισίτροιτον.
1033 2007 1228 2050 Mendose
1246 2000 1412 2058 Ἑῧέιπ-
1447 1998 1540 2041 ΫΕΥΓ·
1559 2008 1593 2047 5·

71 2087 148 2117 πον
183 2070 249 2130 κα)
279 2074 551 2133 Πισίστροιτον
578 2079 675 2123 Bav.
751 2079 807 2122 Et
834 2082 945 2125 idem
971 2094 1069 2123 mox
1086 2077 1269 2131 Ῥωμαῖοι
1297 2078 1413 2133 φίλοι

72 2159 152 2203 pro
168 2143 370 2199 Ῥωμαίων
399 2148 528 2203 φίλοι.
604 2153 672 2195 Ac
698 2151 861 2195 fortafl'e
884 2154 1009 2195 iidem
1039 2167 1203 2195 errores
1223 2154 1413 2195 codicem

0 2220 2 2223 ’
71 2215 205 2264 Vrfini
232 2222 491 2275 obsederant,
517 2224 586 2267 sed
615 2225 664 2267 ab
692 2239 745 2267 eo
771 2239 856 2267 non
883 2225 976 2268 sunt
1004 2225 1189 2268 indicati.
1245 2225 1417 2268 Fatetur

73 2292 186 2333 enim
214 2292 299 2348 ipse
333 2308 576 2340 vnsmvs:
628 2297 704 2350 „In
741 2297 823 2339 hoc
850 2297 1109 2354 fragmento,
1158 2311 1254 2340 curn
1287 2297 1420 2340 multa

77 2362 207 2406 effent
223 2365 267 2406 in
294 2368 516 2423 exemplari
544 2369 651 2411 male
678 2369 849 2425 scripta,
879 2384 957 2412 nos
976 2371 1046 2412 illa
1071 2371 1220 2426 partim
1239 2383 1292 2411 ex
1313 2370 1421 2412 Livi-

79 2448 156 2476 ana
186 2436 396 2494 versione,
427 2440 576 2494 partim
603 2456 655 2482 ex
694 2440 930 2497 conjeaura
967 2443 1332 2485 emendavimus.“
1361 2462 1422 2474 --

79 2505 206 2556 Quod
227 2509 276 2551 ab
305 2509 450 2553 Vrfino
471 2510 622 2555 fastum
652 2514 824 2557 laudans
851 2509 1120 2562 Rmsmvs,
1162 2515 1264 2558 illud
1285 2529 1424 2570 repre·
1499 2529 1502 2533 ·

78 2578 246 2631 hendit,
292 2584 403 2637 quod
434 2582 674 2640 scripturam
704 2588 923 2638 codicum,
965 2602 1045 2643 qua
1073 2589 1122 2630 ab
1147 2587 1234 2643 ipso
1264 2595 1425 2630 mutata

57 2650 158 2707 qest,
185 2666 268 2694 non
289 2655 544 2698 indicaverit.
576 2678 636 2690 —--
700 2657 926 2712 ,‚Vtinam‚
955 2659 1111 2714 inquit,
1142 2668 1236 2715 quae
1255 2660 1425 2715 quidem

32 2727 42 2742 ¹
82 2723 204 2765 dubia
226 2726 493 2777 videbantur,
524 2729 746 2772 indicasset.
804 2731 924 2774 Haud
954 2746 1046 2773 raro
1081 2733 1255 2774 enimin
1283 2745 1424 2775 corru·
1452 2727 1457 2731 ’

80 2796 165 2850 ptis
201 2795 447 2841 lefflonibus
474 2801 544 2842 alii
573 2802 651 2844 alia
689 2790 779 2844 veri
807 2803 979 2859 vestigia
1011 2805 1192 2846 vident.“
1218 2827 1276 2835 ·—
1333 2802 1429 2848 Nos

83 2879 209 2924 aequo
228 2870 308 2913 viri
345 2869 457 2914 doffl
478 2871 699 2928 ,defiderio
733 2874 1054 2943 ⁴1.'at:isfacienteS,
1111 2875 1251 2919 omnia
1291 2877 1432 2927 verba,

1279 2949 1432 3009 quibus
