<?xml version="1.0" encoding="UTF-8"?>
<!DOCTYPE html PUBLIC "-//W3C//DTD XHTML 1.0 Transitional//EN"
    "http://www.w3.org/TR/xhtml1/DTD/xhtml1-transitional.dtd">
<html xmlns="http://www.w3.org/1999/xhtml" xml:lang="en" lang="en">
 <head>
  <title>
</title>
<meta http-equiv="Content-Type" content="text/html;charset=utf-8" />
  <meta name='ocr-system' content='tesseract 3.04.00' />
  <meta name='ocr-capabilities' content='ocr_page ocr_carea ocr_par ocr_line ocrx_word'/>
</head>
<body>
  <div class='ocr_page' id='page_1' title='image "./historiarumquidq07polyuoft_0565.png"; bbox 0 0 1780 3268; ppageno 0'>
   <div class='ocr_carea' id='block_1_1' title="bbox 480 259 1464 312">
    <p class='ocr_par' dir='ltr' id='par_1_1' title="bbox 480 259 1464 312">
     <span class='ocr_line' id='line_1_1' title="bbox 480 259 1464 312; baseline 0.01 -23"><span class='ocrx_word' id='word_1_1' title='bbox 480 260 559 291; x_wconf 68' lang='lat' dir='ltr'>An</span> <span class='ocrx_word' id='word_1_2' title='bbox 590 261 804 293; x_wconf 69' lang='lat' dir='ltr'><strong>Pomm.</strong></span> <span class='ocrx_word' id='word_1_3' title='bbox 834 259 979 296; x_wconf 59' lang='lat' dir='ltr'>xxiv.</span> <span class='ocrx_word' id='word_1_4' title='bbox 1015 261 1058 307; x_wconf 86' lang='lat'>3.</span> <span class='ocrx_word' id='word_1_5' title='bbox 1090 262 1134 309; x_wconf 86' lang='grc'>4.</span> <span class='ocrx_word' id='word_1_6' title='bbox 1383 263 1464 312; x_wconf 77' lang='lat'>531</span> 
     </span>
    </p>
   </div>
   <div class='ocr_carea' id='block_1_2' title="bbox 1500 399 1648 437">
    <p class='ocr_par' dir='ltr' id='par_1_2' title="bbox 1500 399 1648 437">
     <span class='ocr_line' id='line_1_2' title="bbox 1500 399 1648 437; baseline -0.014 0"><span class='ocrx_word' id='word_1_7' title='bbox 1500 399 1594 437; x_wconf 85' lang='lat' dir='ltr'>Vers.</span> <span class='ocrx_word' id='word_1_8' title='bbox 1613 410 1648 435; x_wconf 86' lang='lat'>2.</span> 
     </span>
    </p>
   </div>
   <div class='ocr_carea' id='block_1_3' title="bbox 1497 364 1673 373">
    <p class='ocr_par' dir='ltr' id='par_1_3' title="bbox 1497 364 1673 373">
     <span class='ocr_line' id='line_1_3' title="bbox 1497 364 1673 373; baseline 0 2895"><span class='ocrx_word' id='word_1_9' title='bbox 1497 364 1673 373; x_wconf 95' lang='lat' dir='ltr'> </span> 
     </span>
    </p>
   </div>
   <div class='ocr_carea' id='block_1_4' title="bbox 35 353 1648 2862">
    <p class='ocr_par' dir='ltr' id='par_1_4' title="bbox 46 353 1465 852">
     <span class='ocr_line' id='line_1_4' title="bbox 109 353 1464 424; baseline 0.009 -21"><span class='ocrx_word' id='word_1_10' title='bbox 109 374 194 412; x_wconf 82' lang='grc' dir='ltr'><strong><em>σιν,</em></strong></span> <span class='ocrx_word' id='word_1_11' title='bbox 222 353 375 408; x_wconf 74' lang='grc' dir='ltr'><em>’ὄντες</em></span> <span class='ocrx_word' id='word_1_12' title='bbox 418 361 499 403; x_wconf 69' lang='grc' dir='ltr'>τῶν</span> <span class='ocrx_word' id='word_1_13' title='bbox 530 358 717 418; x_wconf 77' lang='grc' dir='ltr'><em>οἷρχοιίων</em></span> <span class='ocrx_word' id='word_1_14' title='bbox 745 360 959 421; x_wconf 68' lang='grc' dir='ltr'>φυγάδων,</span> <span class='ocrx_word' id='word_1_15' title='bbox 998 367 1097 424; x_wconf 86' lang='lat' dir='ltr'>(qui</span> <span class='ocrx_word' id='word_1_16' title='bbox 1125 383 1147 411; x_wconf 84' lang='lat' dir='ltr'>e</span> <span class='ocrx_word' id='word_1_17' title='bbox 1173 383 1338 414; x_wconf 84' lang='lat' dir='ltr'>numero·</span> <span class='ocrx_word' id='word_1_18' title='bbox 1362 371 1464 415; x_wconf 62' lang='lat' dir='ltr'>vete·</span> 
     </span>
     <span class='ocr_line' id='line_1_5' title="bbox 110 429 1463 494; baseline 0.008 -20"><span class='ocrx_word' id='word_1_19' title='bbox 110 445 205 474; x_wconf 83' lang='lat' dir='ltr'>rum</span> <span class='ocrx_word' id='word_1_20' title='bbox 225 429 405 488; x_wconf 85' lang='lat' dir='ltr'>exsulum</span> <span class='ocrx_word' id='word_1_21' title='bbox 427 434 602 488; x_wconf 81' lang='lat' dir='ltr'>erant,)</span> <span class='ocrx_word' id='word_1_22' title='bbox 632 436 779 491; x_wconf 82' lang='lat' dir='ltr'>aliquis</span> <span class='ocrx_word' id='word_1_23' title='bbox 796 436 878 481; x_wconf 87' lang='lat' dir='ltr'>five</span> <span class='ocrx_word' id='word_1_24' title='bbox 897 439 1069 494; x_wconf 84' lang='lat' dir='ltr'>superne</span> <span class='ocrx_word' id='word_1_25' title='bbox 1088 434 1172 483; x_wconf 81' lang='lat' dir='ltr'>sive</span> <span class='ocrx_word' id='word_1_26' title='bbox 1194 443 1243 484; x_wconf 83' lang='lat' dir='ltr'>ad</span> <span class='ocrx_word' id='word_1_27' title='bbox 1269 442 1377 485; x_wconf 82' lang='lat' dir='ltr'>latus</span> <span class='ocrx_word' id='word_1_28' title='bbox 1396 444 1463 486; x_wconf 89' lang='lat' dir='ltr'>ad·</span> 
     </span>
     <span class='ocr_line' id='line_1_6' title="bbox 110 495 1465 570; baseline 0.008 -25"><span class='ocrx_word' id='word_1_29' title='bbox 110 512 329 547; x_wconf 81' lang='lat' dir='ltr'>notaverat</span> <span class='ocrx_word' id='word_1_30' title='bbox 348 495 372 559; x_wconf 71' lang='grc' dir='ltr'><em>ἢ</em></span> <span class='ocrx_word' id='word_1_31' title='bbox 393 515 418 546; x_wconf 75' lang='grc' dir='ltr'><strong><em>κ</em></strong></span> <span class='ocrx_word' id='word_1_32' title='bbox 431 537 443 556; x_wconf 90' lang='grc'>,</span> <span class='ocrx_word' id='word_1_33' title='bbox 473 519 624 561; x_wconf 84' lang='lat' dir='ltr'>nempe</span> <span class='ocrx_word' id='word_1_34' title='bbox 644 499 668 562; x_wconf 73' lang='grc' dir='ltr'><strong><em>ἢ</em></strong></span> <span class='ocrx_word' id='word_1_35' title='bbox 687 503 865 561; x_wconf 79' lang='grc' dir='ltr'><strong><em>Κλύσιν,</em></strong></span> <span class='ocrx_word' id='word_1_36' title='bbox 895 513 1008 566; x_wconf 88' lang='lat' dir='ltr'>quod</span> <span class='ocrx_word' id='word_1_37' title='bbox 1029 512 1133 556; x_wconf 81' lang='lat' dir='ltr'>alius</span> <span class='ocrx_word' id='word_1_38' title='bbox 1149 513 1353 566; x_wconf 86' lang='lat' dir='ltr'>librarius,-</span> <span class='ocrx_word' id='word_1_39' title='bbox 1374 528 1465 570; x_wconf 62' lang='lat' dir='ltr'>pera</span> 
     </span>
     <span class='ocr_line' id='line_1_7' title="bbox 114 576 1462 642; baseline 0.01 -26"><span class='ocrx_word' id='word_1_40' title='bbox 114 588 259 631; x_wconf 87' lang='lat' dir='ltr'>peram</span> <span class='ocrx_word' id='word_1_41' title='bbox 278 577 508 632; x_wconf 85' lang='lat' dir='ltr'>accipiens,</span> <span class='ocrx_word' id='word_1_42' title='bbox 537 580 587 621; x_wconf 83' lang='lat' dir='ltr'>ad</span> <span class='ocrx_word' id='word_1_43' title='bbox 611 581 783 623; x_wconf 90' lang='lat' dir='ltr'>verbum</span> <span class='ocrx_word' id='word_1_44' title='bbox 800 576 914 629; x_wconf 71' lang='grc' dir='ltr'><em>’ὄντες</em></span> <span class='ocrx_word' id='word_1_45' title='bbox 936 584 1101 632; x_wconf 84' lang='lat' dir='ltr'>retulit,</span> <span class='ocrx_word' id='word_1_46' title='bbox 1139 585 1266 642; x_wconf 87' lang='lat' dir='ltr'>idque</span> <span class='ocrx_word' id='word_1_47' title='bbox 1283 587 1327 628; x_wconf 91' lang='lat' dir='ltr'>in</span> <span class='ocrx_word' id='word_1_48' title='bbox 1348 579 1462 641; x_wconf 59' lang='lat' dir='ltr'>{inov-</span> 
     </span>
     <span class='ocr_line' id='line_1_8' title="bbox 113 649 929 708; baseline 0.01 -19"><span class='ocrx_word' id='word_1_49' title='bbox 113 661 183 695; x_wconf 75' lang='grc' dir='ltr'>τες</span> <span class='ocrx_word' id='word_1_50' title='bbox 201 649 388 690; x_wconf 85' lang='lat' dir='ltr'>mutavit.</span> <span class='ocrx_word' id='word_1_51' title='bbox 446 649 568 691; x_wconf 80' lang='lat' dir='ltr'>Conf.</span> <span class='ocrx_word' id='word_1_52' title='bbox 590 665 687 693; x_wconf 85' lang='lat' dir='ltr'>mox</span> <span class='ocrx_word' id='word_1_53' title='bbox 710 654 759 695; x_wconf 85' lang='lat' dir='ltr'>ad</span> <span class='ocrx_word' id='word_1_54' title='bbox 782 654 880 697; x_wconf 88' lang='lat' dir='ltr'>vers.</span> <span class='ocrx_word' id='word_1_55' title='bbox 892 666 929 708; x_wconf 73' lang='lat'>3·</span> 
     </span>
     <span class='ocr_line' id='line_1_9' title="bbox 200 710 1464 783; baseline 0.009 -22"><span class='ocrx_word' id='word_1_56' title='bbox 200 718 307 763; x_wconf 86' lang='lat' dir='ltr'>Ibid.</span> <span class='ocrx_word' id='word_1_57' title='bbox 329 717 406 774; x_wconf 62' lang='grc' dir='ltr'>ἐφ’</span> <span class='ocrx_word' id='word_1_58' title='bbox 430 710 482 763; x_wconf 67' lang='grc' dir='ltr'>οἷν</span> <span class='ocrx_word' id='word_1_59' title='bbox 504 721 681 776; x_wconf 72' lang='grc' dir='ltr'><em>ἔφυγον,</em></span> <span class='ocrx_word' id='word_1_60' title='bbox 715 737 743 766; x_wconf 90' lang='lat' dir='ltr'><em>a</em></span> <span class='ocrx_word' id='word_1_61' title='bbox 762 725 907 780; x_wconf 85' lang='lat' dir='ltr'>quibus</span> <span class='ocrx_word' id='word_1_62' title='bbox 921 726 1024 783; x_wconf 75' lang='lat' dir='ltr'>p&#39;ulfi</span> <span class='ocrx_word' id='word_1_63' title='bbox 1032 724 1209 781; x_wconf 71' lang='lat' dir='ltr'>fuerant</span> <span class='ocrx_word' id='word_1_64' title='bbox 1224 742 1314 772; x_wconf 83' lang='lat' dir='ltr'>cum</span> <span class='ocrx_word' id='word_1_65' title='bbox 1331 731 1374 776; x_wconf 80' lang='lat' dir='ltr'>in</span> <span class='ocrx_word' id='word_1_66' title='bbox 1393 743 1464 772; x_wconf 74' lang='lat' dir='ltr'>ex·</span> 
     </span>
     <span class='ocr_line' id='line_1_10' title="bbox 46 784 980 852; baseline 0.007 -19"><span class='ocrx_word' id='word_1_67' title='bbox 46 784 53 789; x_wconf 45' lang='grc'><em>“</em></span> <span class='ocrx_word' id='word_1_68' title='bbox 96 791 234 849; x_wconf 84' lang='lat' dir='ltr'>filium</span> <span class='ocrx_word' id='word_1_69' title='bbox 256 793 529 836; x_wconf 83' lang='lat' dir='ltr'><em>mitterentur.</em></span> <span class='ocrx_word' id='word_1_70' title='bbox 560 795 670 838; x_wconf 84' lang='lat' dir='ltr'>conf.</span> <span class='ocrx_word' id='word_1_71' title='bbox 685 788 844 842; x_wconf 77' lang='lat' dir='ltr'><strong>XXVI.</strong></span> <span class='ocrx_word' id='word_1_72' title='bbox 868 809 915 852; x_wconf 81' lang='lat'>5,</span> <span class='ocrx_word' id='word_1_73' title='bbox 940 807 980 840; x_wconf 85' lang='lat'>2.</span> 
     </span>
    </p>

    <p class='ocr_par' dir='ltr' id='par_1_5' title="bbox 95 862 1648 1645">
     <span class='ocr_line' id='line_1_11' title="bbox 202 862 1648 927; baseline 0.005 -21"><span class='ocrx_word' id='word_1_74' title='bbox 202 862 314 918; x_wconf 73' lang='lat' dir='ltr'>Vers.</span> <span class='ocrx_word' id='word_1_75' title='bbox 334 877 373 919; x_wconf 85' lang='lat'>3.</span> <span class='ocrx_word' id='word_1_76' title='bbox 412 866 511 908; x_wconf 78' lang='grc' dir='ltr'>οἶδὲ</span> <span class='ocrx_word' id='word_1_77' title='bbox 530 866 620 922; x_wconf 77' lang='grc' dir='ltr'>περὶ</span> <span class='ocrx_word' id='word_1_78' title='bbox 649 864 718 910; x_wconf 71' lang='grc' dir='ltr'>τόν</span> <span class='ocrx_word' id='word_1_79' title='bbox 746 862 911 924; x_wconf 78' lang='grc' dir='ltr'>’Άρεσε</span> <span class='ocrx_word' id='word_1_80' title='bbox 937 865 1004 926; x_wconf 43' lang='lat' dir='ltr'>noe?</span> <span class='ocrx_word' id='word_1_81' title='bbox 1041 866 1317 927; x_wconf 64' lang='grc' dir='ltr'>Ἀλκιβιάδην.</span> <span class='ocrx_word' id='word_1_82' title='bbox 1371 869 1466 920; x_wconf 86' lang='lat' dir='ltr'>Hos</span> <span class='ocrx_word' id='word_1_83' title='bbox 1499 875 1594 913; x_wconf 78' lang='lat' dir='ltr'>Vers.</span> <span class='ocrx_word' id='word_1_84' title='bbox 1614 879 1648 919; x_wconf 66' lang='grc' dir='ltr'>ς.</span> 
     </span>
     <span class='ocr_line' id='line_1_12' title="bbox 109 933 1465 1000; baseline 0.007 -22"><span class='ocrx_word' id='word_1_85' title='bbox 109 937 266 991; x_wconf 82' lang='lat' dir='ltr'>pariter</span> <span class='ocrx_word' id='word_1_86' title='bbox 296 952 320 980; x_wconf 86' lang='lat' dir='ltr'>e</span> <span class='ocrx_word' id='word_1_87' title='bbox 350 951 526 981; x_wconf 86' lang='lat' dir='ltr'>numero</span> <span class='ocrx_word' id='word_1_88' title='bbox 551 946 742 983; x_wconf 85' lang='lat' dir='ltr'>veterum</span> <span class='ocrx_word' id='word_1_89' title='bbox 771 942 954 985; x_wconf 83' lang='lat' dir='ltr'>exsulum</span> <span class='ocrx_word' id='word_1_90' title='bbox 981 942 1119 994; x_wconf 81' lang='lat' dir='ltr'>fuiffe,</span> <span class='ocrx_word' id='word_1_91' title='bbox 1157 947 1355 987; x_wconf 85' lang='lat' dir='ltr'>docuerat</span> <span class='ocrx_word' id='word_1_92' title='bbox 1379 933 1465 1000; x_wconf 68' lang='lat' dir='ltr'>jani</span> 
     </span>
     <span class='ocr_line' id='line_1_13' title="bbox 108 1007 1464 1072; baseline 0.005 -21"><span class='ocrx_word' id='word_1_93' title='bbox 108 1007 276 1052; x_wconf 90' lang='lat' dir='ltr'><strong>XXIII.</strong></span> <span class='ocrx_word' id='word_1_94' title='bbox 302 1023 346 1052; x_wconf 79' lang='lat'>11</span> <span class='ocrx_word' id='word_1_95' title='bbox 365 1039 376 1060; x_wconf 91' lang='lat'>,</span> <span class='ocrx_word' id='word_1_96' title='bbox 399 1021 439 1064; x_wconf 86' lang='lat'>7.</span> <span class='ocrx_word' id='word_1_97' title='bbox 498 1011 638 1062; x_wconf 86' lang='lat' dir='ltr'><strong>Quare</strong></span> <span class='ocrx_word' id='word_1_98' title='bbox 659 1014 883 1055; x_wconf 86' lang='lat' dir='ltr'>commode</span> <span class='ocrx_word' id='word_1_99' title='bbox 906 1014 1024 1056; x_wconf 86' lang='lat' dir='ltr'>versu</span> <span class='ocrx_word' id='word_1_100' title='bbox 1048 1017 1225 1070; x_wconf 87' lang='lat' dir='ltr'>praeced.</span> <span class='ocrx_word' id='word_1_101' title='bbox 1248 1030 1325 1071; x_wconf 86' lang='lat' dir='ltr'>pro</span> <span class='ocrx_word' id='word_1_102' title='bbox 1352 1009 1464 1072; x_wconf 72' lang='grc' dir='ltr'><strong><em>ἥκον-</em></strong></span> 
     </span>
     <span class='ocr_line' id='line_1_14' title="bbox 110 1074 1466 1142; baseline 0.007 -20"><span class='ocrx_word' id='word_1_103' title='bbox 110 1094 178 1128; x_wconf 79' lang='grc' dir='ltr'>τες</span> <span class='ocrx_word' id='word_1_104' title='bbox 198 1082 412 1136; x_wconf 84' lang='lat' dir='ltr'>legeretur</span> <span class='ocrx_word' id='word_1_105' title='bbox 431 1078 498 1138; x_wconf 68' lang='lat' dir='ltr'>noe.)</span> <span class='ocrx_word' id='word_1_106' title='bbox 525 1074 631 1125; x_wconf 67' lang='grc' dir='ltr'><strong><em>οἷτοι</em></strong></span> <span class='ocrx_word' id='word_1_107' title='bbox 646 1077 774 1132; x_wconf 58' lang='grc' dir='ltr'><em>ὅντες.</em></span> <span class='ocrx_word' id='word_1_108' title='bbox 824 1085 903 1127; x_wconf 89' lang='lat' dir='ltr'>Pro</span> <span class='ocrx_word' id='word_1_109' title='bbox 925 1075 1064 1141; x_wconf 66' lang='grc' dir='ltr'>’Άρεοι</span> <span class='ocrx_word' id='word_1_110' title='bbox 1082 1101 1196 1135; x_wconf 72' lang='lat' dir='ltr'>vero,</span> <span class='ocrx_word' id='word_1_111' title='bbox 1226 1090 1338 1142; x_wconf 86' lang='lat' dir='ltr'>quod</span> <span class='ocrx_word' id='word_1_112' title='bbox 1356 1102 1466 1131; x_wconf 87' lang='lat' dir='ltr'>nunc</span> 
     </span>
     <span class='ocr_line' id='line_1_15' title="bbox 105 1150 1467 1215; baseline 0.006 -21"><span class='ocrx_word' id='word_1_113' title='bbox 105 1154 281 1208; x_wconf 46' lang='lat' dir='ltr'>,quidem</span> <span class='ocrx_word' id='word_1_114' title='bbox 308 1168 456 1196; x_wconf 87' lang='lat' dir='ltr'>omnes</span> <span class='ocrx_word' id='word_1_115' title='bbox 483 1155 655 1203; x_wconf 84' lang='lat' dir='ltr'>habent,</span> <span class='ocrx_word' id='word_1_116' title='bbox 702 1153 827 1210; x_wconf 71' lang='grc' dir='ltr'>Ἀρέα</span> <span class='ocrx_word' id='word_1_117' title='bbox 857 1156 1117 1201; x_wconf 87' lang='lat' dir='ltr'>scribendum</span> <span class='ocrx_word' id='word_1_118' title='bbox 1146 1166 1349 1215; x_wconf 84' lang='lat' dir='ltr'>penacute</span> <span class='ocrx_word' id='word_1_119' title='bbox 1370 1189 1382 1210; x_wconf 92' lang='lat'>,</span> <span class='ocrx_word' id='word_1_120' title='bbox 1415 1150 1467 1203; x_wconf 83' lang='lat' dir='ltr'>ut</span> 
     </span>
     <span class='ocr_line' id='line_1_16' title="bbox 103 1219 1454 1284; baseline 0.005 -18"><span class='ocrx_word' id='word_1_121' title='bbox 103 1222 269 1267; x_wconf 84' lang='lat' dir='ltr'><strong>XXffl.</strong></span> <span class='ocrx_word' id='word_1_122' title='bbox 294 1237 343 1267; x_wconf 87' lang='lat'>12</span> <span class='ocrx_word' id='word_1_123' title='bbox 357 1254 368 1276; x_wconf 93' lang='lat'>,</span> <span class='ocrx_word' id='word_1_124' title='bbox 388 1237 426 1268; x_wconf 86' lang='lat'>2.</span> <span class='ocrx_word' id='word_1_125' title='bbox 451 1241 473 1268; x_wconf 87' lang='lat' dir='ltr'><strong>a</strong></span> <span class='ocrx_word' id='word_1_126' title='bbox 494 1228 627 1283; x_wconf 86' lang='lat' dir='ltr'>primo</span> <span class='ocrx_word' id='word_1_127' title='bbox 647 1227 740 1270; x_wconf 87' lang='lat' dir='ltr'>casu</span> <span class='ocrx_word' id='word_1_128' title='bbox 757 1219 919 1283; x_wconf 71' lang='grc' dir='ltr'>Ἀρεῦς,</span> <span class='ocrx_word' id='word_1_129' title='bbox 948 1229 1107 1272; x_wconf 86' lang='lat' dir='ltr'>XXIII.</span> <span class='ocrx_word' id='word_1_130' title='bbox 1132 1242 1206 1281; x_wconf 74' lang='lat'>11,</span> <span class='ocrx_word' id='word_1_131' title='bbox 1228 1242 1268 1284; x_wconf 86' lang='lat'>7.</span> <span class='ocrx_word' id='word_1_132' title='bbox 1297 1230 1454 1276; x_wconf 43' lang='lat' dir='ltr'>Viden*-</span> 
     </span>
     <span class='ocr_line' id='line_1_17' title="bbox 101 1296 1464 1350; baseline 0.005 -12"><span class='ocrx_word' id='word_1_133' title='bbox 101 1301 173 1338; x_wconf 85' lang='lat' dir='ltr'>tur</span> <span class='ocrx_word' id='word_1_134' title='bbox 193 1305 333 1339; x_wconf 80' lang='lat' dir='ltr'>autem</span> <span class='ocrx_word' id='word_1_135' title='bbox 350 1296 489 1346; x_wconf 86' lang='lat' dir='ltr'>Areus</span> <span class='ocrx_word' id='word_1_136' title='bbox 508 1297 552 1341; x_wconf 69' lang='grc' dir='ltr'>ὅ(</span> <span class='ocrx_word' id='word_1_137' title='bbox 572 1300 831 1350; x_wconf 84' lang='lat' dir='ltr'>Alcibiades,</span> <span class='ocrx_word' id='word_1_138' title='bbox 859 1315 955 1343; x_wconf 87' lang='lat' dir='ltr'>curn</span> <span class='ocrx_word' id='word_1_139' title='bbox 988 1301 1223 1344; x_wconf 86' lang='lat' dir='ltr'>nobiliffimi</span> <span class='ocrx_word' id='word_1_140' title='bbox 1248 1302 1349 1344; x_wconf 89' lang='lat' dir='ltr'>olim</span> <span class='ocrx_word' id='word_1_141' title='bbox 1371 1299 1464 1346; x_wconf 71' lang='lat' dir='ltr'>fuis.</span> 
     </span>
     <span class='ocr_line' id='line_1_18' title="bbox 101 1366 1463 1430; baseline 0.006 -20"><span class='ocrx_word' id='word_1_142' title='bbox 101 1366 192 1411; x_wconf 87' lang='lat' dir='ltr'>sent</span> <span class='ocrx_word' id='word_1_143' title='bbox 209 1367 502 1424; x_wconf 75' lang='lat' dir='ltr'>Spartanorum</span> <span class='ocrx_word' id='word_1_144' title='bbox 514 1402 526 1421; x_wconf 95' lang='lat'>,</span> <span class='ocrx_word' id='word_1_145' title='bbox 559 1372 625 1423; x_wconf 92' lang='lat' dir='ltr'>(ut</span> <span class='ocrx_word' id='word_1_146' title='bbox 645 1373 771 1414; x_wconf 89' lang='lat' dir='ltr'>docet</span> <span class='ocrx_word' id='word_1_147' title='bbox 793 1373 953 1415; x_wconf 79' lang='lat' dir='ltr'>Pausan.</span> <span class='ocrx_word' id='word_1_148' title='bbox 971 1372 1070 1417; x_wconf 88' lang='lat' dir='ltr'><strong>VII.</strong></span> <span class='ocrx_word' id='word_1_149' title='bbox 1089 1384 1130 1428; x_wconf 87' lang='lat'>9.</span> <span class='ocrx_word' id='word_1_150' title='bbox 1146 1388 1187 1430; x_wconf 81' lang='lat' dir='ltr'>p.</span> <span class='ocrx_word' id='word_1_151' title='bbox 1204 1378 1322 1429; x_wconf 80' lang='lat'><strong>544.)</strong></span> <span class='ocrx_word' id='word_1_152' title='bbox 1340 1377 1463 1418; x_wconf 56' lang='lat' dir='ltr'>adeo*</span> 
     </span>
     <span class='ocr_line' id='line_1_19' title="bbox 100 1441 1461 1500; baseline 0.005 -18"><span class='ocrx_word' id='word_1_153' title='bbox 100 1450 182 1494; x_wconf 86' lang='lat' dir='ltr'>que</span> <span class='ocrx_word' id='word_1_154' title='bbox 202 1441 310 1482; x_wconf 81' lang='lat' dir='ltr'>haud</span> <span class='ocrx_word' id='word_1_155' title='bbox 333 1442 457 1484; x_wconf 83' lang='lat' dir='ltr'>dubie</span> <span class='ocrx_word' id='word_1_156' title='bbox 485 1443 662 1485; x_wconf 86' lang='lat' dir='ltr'>multum</span> <span class='ocrx_word' id='word_1_157' title='bbox 693 1444 738 1485; x_wconf 89' lang='lat' dir='ltr'>in</span> <span class='ocrx_word' id='word_1_158' title='bbox 759 1445 879 1486; x_wconf 87' lang='lat' dir='ltr'>bonis</span> <span class='ocrx_word' id='word_1_159' title='bbox 909 1444 1159 1497; x_wconf 85' lang='lat' dir='ltr'>habuissent,</span> <span class='ocrx_word' id='word_1_160' title='bbox 1189 1459 1326 1500; x_wconf 87' lang='lat' dir='ltr'>nunc,-</span> <span class='ocrx_word' id='word_1_161' title='bbox 1363 1460 1461 1489; x_wconf 91' lang='lat' dir='ltr'>cum</span> 
     </span>
     <span class='ocr_line' id='line_1_20' title="bbox 96 1513 1459 1572; baseline 0.006 -20"><span class='ocrx_word' id='word_1_162' title='bbox 96 1524 151 1552; x_wconf 88' lang='lat' dir='ltr'>ex</span> <span class='ocrx_word' id='word_1_163' title='bbox 175 1513 370 1556; x_wconf 83' lang='lat' dir='ltr'>omnibus</span> <span class='ocrx_word' id='word_1_164' title='bbox 390 1513 472 1572; x_wconf 80' lang='lat' dir='ltr'>suis</span> <span class='ocrx_word' id='word_1_165' title='bbox 502 1515 624 1557; x_wconf 91' lang='lat' dir='ltr'>bonis</span> <span class='ocrx_word' id='word_1_166' title='bbox 655 1514 828 1572; x_wconf 73' lang='lat' dir='ltr'>singulis</span> <span class='ocrx_word' id='word_1_167' title='bbox 857 1517 1023 1558; x_wconf 84' lang='lat' dir='ltr'>talentis</span> <span class='ocrx_word' id='word_1_168' title='bbox 1053 1524 1283 1560; x_wconf 82' lang='lat' dir='ltr'>contentos</span> <span class='ocrx_word' id='word_1_169' title='bbox 1303 1518 1343 1559; x_wconf 83' lang='lat' dir='ltr'>se</span> <span class='ocrx_word' id='word_1_170' title='bbox 1368 1518 1459 1560; x_wconf 84' lang='lat' dir='ltr'>sore</span> 
     </span>
     <span class='ocr_line' id='line_1_21' title="bbox 95 1578 1458 1645; baseline 0.006 -22"><span class='ocrx_word' id='word_1_171' title='bbox 95 1578 358 1639; x_wconf 71' lang='lat' dir='ltr'>significant,</span> <span class='ocrx_word' id='word_1_172' title='bbox 402 1587 626 1628; x_wconf 84' lang='lat' dir='ltr'>conciliare</span> <span class='ocrx_word' id='word_1_173' title='bbox 655 1586 726 1630; x_wconf 85' lang='lat' dir='ltr'>fibi</span> <span class='ocrx_word' id='word_1_174' title='bbox 756 1587 926 1630; x_wconf 82' lang='lat' dir='ltr'>voluiffe</span> <span class='ocrx_word' id='word_1_175' title='bbox 956 1589 1117 1630; x_wconf 83' lang='lat' dir='ltr'>animos</span> <span class='ocrx_word' id='word_1_176' title='bbox 1146 1588 1458 1645; x_wconf 75' lang='lat' dir='ltr'>Spartanorum,</span> 
     </span>
    </p>

    <p class='ocr_par' dir='ltr' id='par_1_6' title="bbox 35 1646 1458 2215">
     <span class='ocr_line' id='line_1_22' title="bbox 35 1646 1458 1713; baseline 0.004 -16"><span class='ocrx_word' id='word_1_177' title='bbox 35 1646 46 1658; x_wconf 79' lang='grc'>’</span> <span class='ocrx_word' id='word_1_178' title='bbox 98 1656 249 1710; x_wconf 87' lang='lat' dir='ltr'>quibus</span> <span class='ocrx_word' id='word_1_179' title='bbox 270 1657 412 1698; x_wconf 90' lang='lat' dir='ltr'>invitis</span> <span class='ocrx_word' id='word_1_180' title='bbox 431 1658 474 1699; x_wconf 89' lang='lat' dir='ltr'>in</span> <span class='ocrx_word' id='word_1_181' title='bbox 496 1659 667 1713; x_wconf 58' lang='lat' dir='ltr'>patrium</span> <span class='ocrx_word' id='word_1_182' title='bbox 687 1659 735 1701; x_wconf 81' lang='lat' dir='ltr'>ab</span> <span class='ocrx_word' id='word_1_183' title='bbox 753 1660 924 1702; x_wconf 85' lang='lat' dir='ltr'>Achaeis</span> <span class='ocrx_word' id='word_1_184' title='bbox 943 1661 1107 1703; x_wconf 86' lang='lat' dir='ltr'>fuerant</span> <span class='ocrx_word' id='word_1_185' title='bbox 1128 1659 1301 1703; x_wconf 71' lang='lat' dir='ltr'>redusti.</span> <span class='ocrx_word' id='word_1_186' title='bbox 1349 1661 1458 1703; x_wconf 81' lang='lat' dir='ltr'>Nam</span> 
     </span>
     <span class='ocr_line' id='line_1_23' title="bbox 76 1720 1457 1788; baseline 0.002 -17"><span class='ocrx_word' id='word_1_187' title='bbox 76 1769 78 1771; x_wconf 78' lang='grc'>,</span> <span class='ocrx_word' id='word_1_188' title='bbox 101 1726 195 1770; x_wconf 87' lang='lat' dir='ltr'>haec</span> <span class='ocrx_word' id='word_1_189' title='bbox 215 1727 296 1783; x_wconf 83' lang='lat' dir='ltr'>ipsa</span> <span class='ocrx_word' id='word_1_190' title='bbox 323 1728 457 1772; x_wconf 85' lang='lat' dir='ltr'>cauffa</span> <span class='ocrx_word' id='word_1_191' title='bbox 481 1733 660 1787; x_wconf 81' lang='lat' dir='ltr'>maxime</span> <span class='ocrx_word' id='word_1_192' title='bbox 684 1730 800 1772; x_wconf 79' lang='lat' dir='ltr'>fuifl&#39;e</span> <span class='ocrx_word' id='word_1_193' title='bbox 821 1733 1005 1782; x_wconf 89' lang='lat' dir='ltr'>videtur,</span> <span class='ocrx_word' id='word_1_194' title='bbox 1033 1745 1107 1774; x_wconf 86' lang='lat' dir='ltr'>cur</span> <span class='ocrx_word' id='word_1_195' title='bbox 1124 1720 1239 1788; x_wconf 75' lang='lat' dir='ltr'>ecgre</span> <span class='ocrx_word' id='word_1_196' title='bbox 1258 1748 1279 1774; x_wconf 83' lang='lat' dir='ltr'>a</span> <span class='ocrx_word' id='word_1_197' title='bbox 1297 1732 1457 1787; x_wconf 86' lang='lat' dir='ltr'>Sparta-</span> 
     </span>
     <span class='ocr_line' id='line_1_24' title="bbox 101 1799 1457 1859; baseline 0.004 -19"><span class='ocrx_word' id='word_1_198' title='bbox 101 1799 192 1850; x_wconf 87' lang='lat' dir='ltr'>nis,</span> <span class='ocrx_word' id='word_1_199' title='bbox 220 1800 292 1854; x_wconf 81' lang='lat' dir='ltr'>qul</span> <span class='ocrx_word' id='word_1_200' title='bbox 324 1807 423 1842; x_wconf 86' lang='lat' dir='ltr'>tunc</span> <span class='ocrx_word' id='word_1_201' title='bbox 453 1804 595 1844; x_wconf 89' lang='lat' dir='ltr'>urbem</span> <span class='ocrx_word' id='word_1_202' title='bbox 623 1804 838 1853; x_wconf 79' lang='lat' dir='ltr'>tenebant,</span> <span class='ocrx_word' id='word_1_203' title='bbox 870 1805 1051 1859; x_wconf 86' lang='lat' dir='ltr'>recepti,</span> <span class='ocrx_word' id='word_1_204' title='bbox 1080 1803 1124 1846; x_wconf 87' lang='lat'>&amp;</span> <span class='ocrx_word' id='word_1_205' title='bbox 1145 1806 1194 1846; x_wconf 90' lang='lat' dir='ltr'>ad</span> <span class='ocrx_word' id='word_1_206' title='bbox 1223 1812 1457 1846; x_wconf 83' lang='lat' dir='ltr'>extremum</span> 
     </span>
     <span class='ocr_line' id='line_1_25' title="bbox 100 1863 1456 1939; baseline 0.004 -28"><span class='ocrx_word' id='word_1_207' title='bbox 100 1870 239 1912; x_wconf 84' lang='lat' dir='ltr'>rursus</span> <span class='ocrx_word' id='word_1_208' title='bbox 265 1870 386 1926; x_wconf 55' lang='lat' dir='ltr'>ejecti</span> <span class='ocrx_word' id='word_1_209' title='bbox 406 1872 483 1916; x_wconf 88' lang='lat' dir='ltr'>fint</span> <span class='ocrx_word' id='word_1_210' title='bbox 504 1883 666 1917; x_wconf 87' lang='lat' dir='ltr'>veteres</span> <span class='ocrx_word' id='word_1_211' title='bbox 688 1875 748 1917; x_wconf 87' lang='lat' dir='ltr'>illi</span> <span class='ocrx_word' id='word_1_212' title='bbox 769 1875 952 1924; x_wconf 75' lang='lat' dir='ltr'>exsules,</span> <span class='ocrx_word' id='word_1_213' title='bbox 983 1877 1116 1931; x_wconf 81' lang='lat' dir='ltr'>(conf.</span> <span class='ocrx_word' id='word_1_214' title='bbox 1143 1878 1192 1918; x_wconf 82' lang='lat' dir='ltr'>ad</span> <span class='ocrx_word' id='word_1_215' title='bbox 1220 1885 1371 1931; x_wconf 84' lang='lat' dir='ltr'>cap.5,</span> <span class='ocrx_word' id='word_1_216' title='bbox 1392 1863 1456 1939; x_wconf 65' lang='lat'>18·</span> 
     </span>
     <span class='ocr_line' id='line_1_26' title="bbox 102 1941 1454 2003; baseline 0.002 -18"><span class='ocrx_word' id='word_1_217' title='bbox 102 1941 149 1985; x_wconf 91' lang='lat'>&amp;</span> <span class='ocrx_word' id='word_1_218' title='bbox 169 1944 220 1986; x_wconf 86' lang='lat' dir='ltr'>ad</span> <span class='ocrx_word' id='word_1_219' title='bbox 242 1942 379 1988; x_wconf 88' lang='lat' dir='ltr'><strong>XXV.</strong></span> <span class='ocrx_word' id='word_1_220' title='bbox 400 1959 440 1992; x_wconf 85' lang='lat'>1,</span> <span class='ocrx_word' id='word_1_221' title='bbox 468 1949 550 1996; x_wconf 77' lang='grc' dir='ltr'>ιο.)</span> <span class='ocrx_word' id='word_1_222' title='bbox 582 1961 634 1988; x_wconf 87' lang='lat' dir='ltr'>ne</span> <span class='ocrx_word' id='word_1_223' title='bbox 652 1946 839 2003; x_wconf 82' lang='lat' dir='ltr'>Spartani</span> <span class='ocrx_word' id='word_1_224' title='bbox 863 1955 1115 2003; x_wconf 83' lang='lat' dir='ltr'>cogerentur</span> <span class='ocrx_word' id='word_1_225' title='bbox 1135 1949 1202 1990; x_wconf 88' lang='lat' dir='ltr'>his</span> <span class='ocrx_word' id='word_1_226' title='bbox 1217 1948 1337 1994; x_wconf 84' lang='lat' dir='ltr'>bona,</span> <span class='ocrx_word' id='word_1_227' title='bbox 1358 1958 1454 2002; x_wconf 73' lang='lat' dir='ltr'>quae</span> 
     </span>
     <span class='ocr_line' id='line_1_27' title="bbox 103 2014 1453 2076; baseline 0.004 -22"><span class='ocrx_word' id='word_1_228' title='bbox 103 2014 204 2055; x_wconf 87' lang='lat' dir='ltr'>olim</span> <span class='ocrx_word' id='word_1_229' title='bbox 226 2014 504 2069; x_wconf 79' lang='lat' dir='ltr'>poffedifl‘ent,</span> <span class='ocrx_word' id='word_1_230' title='bbox 532 2030 626 2072; x_wconf 85' lang='lat' dir='ltr'>quae</span> <span class='ocrx_word' id='word_1_231' title='bbox 646 2033 756 2061; x_wconf 87' lang='lat' dir='ltr'>nunc</span> <span class='ocrx_word' id='word_1_232' title='bbox 775 2019 858 2061; x_wconf 86' lang='lat' dir='ltr'>five</span> <span class='ocrx_word' id='word_1_233' title='bbox 881 2019 1048 2074; x_wconf 87' lang='lat' dir='ltr'>publico</span> <span class='ocrx_word' id='word_1_234' title='bbox 1069 2020 1216 2061; x_wconf 87' lang='lat' dir='ltr'>aerario</span> <span class='ocrx_word' id='word_1_235' title='bbox 1239 2018 1453 2076; x_wconf 74' lang='lat' dir='ltr'>cefl&#39;erant,</span> 
     </span>
     <span class='ocr_line' id='line_1_28' title="bbox 98 2084 1452 2144; baseline 0.007 -18"><span class='ocrx_word' id='word_1_236' title='bbox 98 2084 181 2127; x_wconf 78' lang='lat' dir='ltr'>five</span> <span class='ocrx_word' id='word_1_237' title='bbox 208 2086 251 2128; x_wconf 90' lang='lat' dir='ltr'>in</span> <span class='ocrx_word' id='word_1_238' title='bbox 279 2088 453 2131; x_wconf 87' lang='lat' dir='ltr'>aliorum</span> <span class='ocrx_word' id='word_1_239' title='bbox 475 2090 728 2144; x_wconf 87' lang='lat' dir='ltr'>privatorum</span> <span class='ocrx_word' id='word_1_240' title='bbox 756 2091 944 2132; x_wconf 78' lang='lat' dir='ltr'>manibus</span> <span class='ocrx_word' id='word_1_241' title='bbox 970 2102 1106 2143; x_wconf 78' lang='lat' dir='ltr'>erant,-</span> <span class='ocrx_word' id='word_1_242' title='bbox 1135 2090 1362 2133; x_wconf 80' lang='lat' dir='ltr'>restituere.</span> <span class='ocrx_word' id='word_1_243' title='bbox 1394 2107 1452 2135; x_wconf 85' lang='grc'>-·-.·</span> 
     </span>
     <span class='ocr_line' id='line_1_29' title="bbox 98 2149 1428 2215; baseline 0.005 -16"><span class='ocrx_word' id='word_1_244' title='bbox 98 2156 203 2200; x_wconf 81' lang='lat' dir='ltr'>Ibid.</span> <span class='ocrx_word' id='word_1_245' title='bbox 227 2155 299 2211; x_wconf 76' lang='grc' dir='ltr'>ἐφ’</span> <span class='ocrx_word' id='word_1_246' title='bbox 324 2149 366 2215; x_wconf 59' lang='grc' dir='ltr'>ᾧ.</span> <span class='ocrx_word' id='word_1_247' title='bbox 430 2156 647 2214; x_wconf 81' lang='lat' dir='ltr'>Perperam</span> <span class='ocrx_word' id='word_1_248' title='bbox 665 2159 736 2214; x_wconf 76' lang='grc' dir='ltr'>ἐφ’</span> <span class='ocrx_word' id='word_1_249' title='bbox 759 2151 811 2203; x_wconf 58' lang='grc' dir='ltr'>ἂν</span> <span class='ocrx_word' id='word_1_250' title='bbox 830 2162 928 2203; x_wconf 83' lang='lat' dir='ltr'><strong>Bav.</strong></span> <span class='ocrx_word' id='word_1_251' title='bbox 1424 2208 1428 2215; x_wconf 64' lang='grc'><strong>,</strong></span> 
     </span>
    </p>

    <p class='ocr_par' dir='ltr' id='par_1_7' title="bbox 95 2222 1639 2575">
     <span class='ocr_line' id='line_1_30' title="bbox 188 2222 1639 2289; baseline 0.003 -18"><span class='ocrx_word' id='word_1_252' title='bbox 188 2229 355 2285; x_wconf 77' lang='lat' dir='ltr'>Verſs4.</span> <span class='ocrx_word' id='word_1_253' title='bbox 387 2228 606 2289; x_wconf 76' lang='grc' dir='ltr'><strong><em>Σήριππος.</em></strong></span> <span class='ocrx_word' id='word_1_254' title='bbox 638 2255 690 2267; x_wconf 81' lang='lat'>--</span> <span class='ocrx_word' id='word_1_255' title='bbox 754 2225 1006 2288; x_wconf 72' lang='lat' dir='ltr'>„‘&#39;Hpc7r7roc:.</span> <span class='ocrx_word' id='word_1_256' title='bbox 1063 2228 1216 2277; x_wconf 77' lang='lat' dir='ltr'>sibilus</span> <span class='ocrx_word' id='word_1_257' title='bbox 1244 2226 1451 2275; x_wconf 77' lang='lat' dir='ltr'>adhaefite</span> <span class='ocrx_word' id='word_1_258' title='bbox 1492 2222 1585 2261; x_wconf 58' lang='lat' dir='ltr'><strong>V‘fs·</strong></span> <span class='ocrx_word' id='word_1_259' title='bbox 1601 2228 1639 2269; x_wconf 75' lang='lat'>⁴⁴</span> 
     </span>
     <span class='ocr_line' id='line_1_31' title="bbox 100 2297 1448 2361; baseline 0.003 -19"><span class='ocrx_word' id='word_1_260' title='bbox 100 2299 187 2342; x_wconf 81' lang='lat' dir='ltr'>fine</span> <span class='ocrx_word' id='word_1_261' title='bbox 210 2303 401 2346; x_wconf 83' lang='lat' dir='ltr'>vocabuli</span> <span class='ocrx_word' id='word_1_262' title='bbox 429 2306 630 2361; x_wconf 81' lang='lat' dir='ltr'>proximi:</span> <span class='ocrx_word' id='word_1_263' title='bbox 662 2313 708 2348; x_wconf 89' lang='lat' dir='ltr'>ut</span> <span class='ocrx_word' id='word_1_264' title='bbox 727 2305 916 2355; x_wconf 78' lang='grc' dir='ltr'>Δίϊππος,</span> <span class='ocrx_word' id='word_1_265' title='bbox 955 2306 1014 2348; x_wconf 85' lang='lat' dir='ltr'>ita</span> <span class='ocrx_word' id='word_1_266' title='bbox 1043 2319 1209 2361; x_wconf 88' lang='lat' dir='ltr'>quoque</span> <span class='ocrx_word' id='word_1_267' title='bbox 1227 2297 1448 2360; x_wconf 62' lang='lat' dir='ltr'>“Heinvroc,</span> 
     </span>
     <span class='ocr_line' id='line_1_32' title="bbox 95 2367 1450 2433; baseline 0.001 -17"><span class='ocrx_word' id='word_1_268' title='bbox 95 2367 396 2428; x_wconf 73' lang='grc' dir='ltr'>Ποσείδιππος,</span> <span class='ocrx_word' id='word_1_269' title='bbox 427 2376 520 2418; x_wconf 89' lang='lat' dir='ltr'>vide</span> <span class='ocrx_word' id='word_1_270' title='bbox 538 2385 675 2419; x_wconf 87' lang='lat' dir='ltr'>tamen</span> <span class='ocrx_word' id='word_1_271' title='bbox 695 2392 734 2433; x_wconf 85' lang='lat' dir='ltr'>p.</span> <span class='ocrx_word' id='word_1_272' title='bbox 754 2389 881 2432; x_wconf 88' lang='lat'>1204,</span> <span class='ocrx_word' id='word_1_273' title='bbox 903 2377 971 2431; x_wconf 53' lang='lat' dir='ltr'>3l“</span> <span class='ocrx_word' id='word_1_274' title='bbox 1000 2388 1250 2419; x_wconf 69' lang='lat' dir='ltr'>nuismvs.</span> <span class='ocrx_word' id='word_1_275' title='bbox 1279 2399 1338 2407; x_wconf 87' lang='grc'>--</span> <span class='ocrx_word' id='word_1_276' title='bbox 1369 2377 1450 2418; x_wconf 88' lang='lat' dir='ltr'>Lo-</span> 
     </span>
     <span class='ocr_line' id='line_1_33' title="bbox 100 2447 1449 2503; baseline 0.001 -16"><span class='ocrx_word' id='word_1_277' title='bbox 100 2458 196 2495; x_wconf 75' lang='lat' dir='ltr'>cUS,</span> <span class='ocrx_word' id='word_1_278' title='bbox 232 2460 356 2501; x_wconf 88' lang='lat' dir='ltr'>quem</span> <span class='ocrx_word' id='word_1_279' title='bbox 384 2448 578 2503; x_wconf 79' lang='lat' dir='ltr'>indigitat</span> <span class='ocrx_word' id='word_1_280' title='bbox 609 2451 675 2491; x_wconf 85' lang='lat' dir='ltr'>vir</span> <span class='ocrx_word' id='word_1_281' title='bbox 703 2448 874 2502; x_wconf 69' lang='lat' dir='ltr'>dostuS‚</span> <span class='ocrx_word' id='word_1_282' title='bbox 914 2449 970 2490; x_wconf 87' lang='lat' dir='ltr'>est</span> <span class='ocrx_word' id='word_1_283' title='bbox 999 2447 1160 2491; x_wconf 84' lang='lat' dir='ltr'><strong>XXIV.</strong></span> <span class='ocrx_word' id='word_1_284' title='bbox 1187 2461 1257 2499; x_wconf 83' lang='grc' dir='ltr'>ιο,</span> <span class='ocrx_word' id='word_1_285' title='bbox 1281 2460 1344 2490; x_wconf 75' lang='lat'>11.</span> <span class='ocrx_word' id='word_1_286' title='bbox 1378 2448 1449 2490; x_wconf 83' lang='lat' dir='ltr'>ubi</span> 
     </span>
     <span class='ocr_line' id='line_1_34' title="bbox 97 2511 1450 2575; baseline 0 -16"><span class='ocrx_word' id='word_1_287' title='bbox 97 2518 236 2560; x_wconf 86' lang='lat' dir='ltr'>rursus</span> <span class='ocrx_word' id='word_1_288' title='bbox 255 2515 463 2575; x_wconf 77' lang='grc' dir='ltr'>Σήριππος</span> <span class='ocrx_word' id='word_1_289' title='bbox 481 2529 745 2565; x_wconf 80' lang='lat' dir='ltr'>memoratur.</span> <span class='ocrx_word' id='word_1_290' title='bbox 805 2537 857 2552; x_wconf 70' lang='lat'>⁶-</span> <span class='ocrx_word' id='word_1_291' title='bbox 910 2516 1015 2563; x_wconf 82' lang='lat' dir='ltr'>Ibid.</span> <span class='ocrx_word' id='word_1_292' title='bbox 1037 2516 1168 2571; x_wconf 74' lang='grc' dir='ltr'><em>μένειν</em></span> <span class='ocrx_word' id='word_1_293' title='bbox 1195 2511 1268 2574; x_wconf 67' lang='grc' dir='ltr'>τήν</span> <span class='ocrx_word' id='word_1_294' title='bbox 1297 2517 1450 2561; x_wconf 61' lang='grc' dir='ltr'><strong><em>ὑποκα-</em></strong></span> 
     </span>
    </p>

    <p class='ocr_par' dir='ltr' id='par_1_8' title="bbox 79 2586 1452 2862">
     <span class='ocr_line' id='line_1_35' title="bbox 82 2586 1452 2649; baseline -0.001 -15"><span class='ocrx_word' id='word_1_295' title='bbox 82 2586 217 2645; x_wconf 74' lang='grc' dir='ltr'><em>.μένην</em></span> <span class='ocrx_word' id='word_1_296' title='bbox 238 2587 488 2635; x_wconf 69' lang='grc' dir='ltr'><em>κατάστασιν</em></span> <span class='ocrx_word' id='word_1_297' title='bbox 508 2591 591 2634; x_wconf 78' lang='grc' dir='ltr'>διο.</span> <span class='ocrx_word' id='word_1_298' title='bbox 631 2599 679 2635; x_wconf 78' lang='lat' dir='ltr'>ut</span> <span class='ocrx_word' id='word_1_299' title='bbox 700 2595 740 2635; x_wconf 86' lang='lat' dir='ltr'>in</span> <span class='ocrx_word' id='word_1_300' title='bbox 762 2605 849 2636; x_wconf 85' lang='lat' dir='ltr'>eum</span> <span class='ocrx_word' id='word_1_301' title='bbox 860 2594 1016 2648; x_wconf 81' lang='lat' dir='ltr'>statum</span> <span class='ocrx_word' id='word_1_302' title='bbox 1033 2592 1309 2649; x_wconf 74' lang='lat' dir='ltr'>restitueretur</span> <span class='ocrx_word' id='word_1_303' title='bbox 1328 2590 1452 2632; x_wconf 84' lang='lat' dir='ltr'>Lace-</span> 
     </span>
     <span class='ocr_line' id='line_1_36' title="bbox 95 2659 1449 2722; baseline 0 -19"><span class='ocrx_word' id='word_1_304' title='bbox 95 2659 383 2706; x_wconf 67' lang='lat' dir='ltr'>daemoniorum</span> <span class='ocrx_word' id='word_1_305' title='bbox 405 2663 647 2719; x_wconf 80' lang='lat' dir='ltr'>respublica,</span> <span class='ocrx_word' id='word_1_306' title='bbox 677 2666 747 2722; x_wconf 85' lang='lat' dir='ltr'>qui</span> <span class='ocrx_word' id='word_1_307' title='bbox 766 2671 850 2707; x_wconf 83' lang='lat' dir='ltr'>tum</span> <span class='ocrx_word' id='word_1_308' title='bbox 858 2664 961 2719; x_wconf 83' lang='lat' dir='ltr'>fuit,</span> <span class='ocrx_word' id='word_1_309' title='bbox 990 2677 1078 2706; x_wconf 87' lang='lat' dir='ltr'>cum</span> <span class='ocrx_word' id='word_1_310' title='bbox 1099 2662 1339 2705; x_wconf 80' lang='lat' dir='ltr'>Aclzoeorum</span> <span class='ocrx_word' id='word_1_311' title='bbox 1361 2676 1449 2704; x_wconf 89' lang='lat' dir='ltr'>con-</span> 
     </span>
     <span class='ocr_line' id='line_1_37' title="bbox 79 2734 1448 2791; baseline -0.001 -16"><span class='ocrx_word' id='word_1_312' title='bbox 79 2734 176 2786; x_wconf 50' lang='lat' dir='ltr'>‚ciiii</span> <span class='ocrx_word' id='word_1_313' title='bbox 193 2740 324 2778; x_wconf 79' lang='lat' dir='ltr'>erant.</span> <span class='ocrx_word' id='word_1_314' title='bbox 365 2735 474 2778; x_wconf 88' lang='lat' dir='ltr'>Eum</span> <span class='ocrx_word' id='word_1_315' title='bbox 495 2744 687 2790; x_wconf 85' lang='lat' dir='ltr'>putamus</span> <span class='ocrx_word' id='word_1_316' title='bbox 709 2737 856 2780; x_wconf 82' lang='lat' dir='ltr'>statum</span> <span class='ocrx_word' id='word_1_317' title='bbox 882 2734 987 2787; x_wconf 85' lang='lat' dir='ltr'>dici,</span> <span class='ocrx_word' id='word_1_318' title='bbox 1017 2749 1100 2791; x_wconf 90' lang='lat' dir='ltr'>quo</span> <span class='ocrx_word' id='word_1_319' title='bbox 1123 2736 1201 2777; x_wconf 87' lang='lat' dir='ltr'>fuit</span> <span class='ocrx_word' id='word_1_320' title='bbox 1222 2734 1448 2790; x_wconf 81' lang='lat' dir='ltr'>respublica</span> 
     </span>
     <span class='ocr_line' id='line_1_38' title="bbox 82 2804 1445 2862; baseline -0.002 -13"><span class='ocrx_word' id='word_1_321' title='bbox 82 2804 504 2849; x_wconf 73' lang='lat' dir='ltr'>Lacedaemoniorum</span> <span class='ocrx_word' id='word_1_322' title='bbox 537 2816 625 2850; x_wconf 87' lang='lat' dir='ltr'>tum</span> <span class='ocrx_word' id='word_1_323' title='bbox 642 2834 655 2860; x_wconf 87' lang='lat'>,</span> <span class='ocrx_word' id='word_1_324' title='bbox 695 2823 790 2851; x_wconf 89' lang='lat' dir='ltr'>cum</span> <span class='ocrx_word' id='word_1_325' title='bbox 821 2824 843 2850; x_wconf 86' lang='lat' dir='ltr'><strong>a</strong></span> <span class='ocrx_word' id='word_1_326' title='bbox 864 2809 1190 2862; x_wconf 87' lang='lat' dir='ltr'>Philopoemene</span> <span class='ocrx_word' id='word_1_327' title='bbox 1217 2806 1271 2848; x_wconf 87' lang='lat' dir='ltr'>A.</span> <span class='ocrx_word' id='word_1_328' title='bbox 1285 2806 1333 2849; x_wconf 81' lang='lat' dir='ltr'>V.</span> <span class='ocrx_word' id='word_1_329' title='bbox 1350 2804 1445 2856; x_wconf 74' lang='lat'>562,</span> 
     </span>
    </p>
   </div>
   <div class='ocr_carea' id='block_1_5' title="bbox 80 2877 1442 2995">
    <p class='ocr_par' dir='ltr' id='par_1_9' title="bbox 80 2877 1442 2995">
     <span class='ocr_line' id='line_1_39' title="bbox 80 2877 1442 2986; baseline -0.002 -66"><span class='ocrx_word' id='word_1_330' title='bbox 80 2877 176 2932; x_wconf 73' lang='lat' dir='ltr'>post</span> <span class='ocrx_word' id='word_1_331' title='bbox 198 2879 379 2928; x_wconf 84' lang='lat' dir='ltr'>occisum</span> <span class='ocrx_word' id='word_1_332' title='bbox 397 2879 447 2922; x_wconf 84' lang='lat' dir='ltr'>ab</span> <span class='ocrx_word' id='word_1_333' title='bbox 466 2880 632 2922; x_wconf 83' lang='lat' dir='ltr'>Aetolis</span> <span class='ocrx_word' id='word_1_334' title='bbox 661 2880 864 2925; x_wconf 74' lang='lat' dir='ltr'>Nabidem</span> <span class='ocrx_word' id='word_1_335' title='bbox 887 2887 1109 2935; x_wconf 78' lang='lat' dir='ltr'>tyrannum</span> <span class='ocrx_word' id='word_1_336' title='bbox 1119 2909 1137 2950; x_wconf 23' lang='lat'>,‘</span> <span class='ocrx_word' id='word_1_337' title='bbox 1175 2878 1442 2986; x_wconf 44' lang='lat' dir='ltr'>Lacedaemo}-</span> 
     </span>
     <span class='ocr_line' id='line_1_40' title="bbox 813 2949 1414 2995; baseline -0.013 -1"><span class='ocrx_word' id='word_1_338' title='bbox 813 2949 870 2995; x_wconf 87' lang='lat' dir='ltr'>Ll</span> <span class='ocrx_word' id='word_1_339' title='bbox 902 2962 927 2993; x_wconf 81' lang='lat'>2</span> <span class='ocrx_word' id='word_1_340' title='bbox 1371 2958 1414 2987; x_wconf 82' lang='lat' dir='ltr'>ni</span> 
     </span>
    </p>
   </div>
  </div>
 </body>
</html>
