1780 3268
386 226 471 269 402

386 323 1731 391 *÷44*4÷*÷*÷÷*÷÷*÷÷÷÷

666 499 1459 559 ADNOTATIONES

1000 653 1111 682 An

367 870 371 876 .
426 769 855 841 POLYBII
945 722 1689 864 HisToRIARvM

703 925 1336 976 -LIBRIX1X.

187 1135 366 1154 -
547 1011 1578 1137 RE'L1QV1AS.

160 1194 237 1238 Lib·
255 1198 351 1236 ΧῙΧ·
387 1199 492 1290 Ex
516 1204 619 1247 libro
639 1206 763 1249 XIX.
783 1206 1039 1264 historiarum
1064 1208 1225 1263 Polybiz‘
1246 1210 1347 1252 nihil
1365 1211 1514 1254 diserte
1539 1210 1738 1256 adfertur,

495 1285 647 1332 praeter
678 1278 776 1321 illud
809 1282 919 1335 quod
941 1283 1046 1335 apud
1076 1281 1326 1335 Stephanum
1345 1282 1451 1338 Byz.
1477 1283 1605 1339 vulgo
1632 1282 1736 1336 legi-

366 1355 476 1395 tur:
507 1345 634 1396 Κυνός
655 1349 862 1407 Κεφαλοᾷ,
890 1348 1017 1405 λόφος
1037 1352 1125 1406 (nili
1147 1349 1268 1406 λόφοι
1288 1355 1345 1397 ibi
1357 1370 1407 1396 ex
1421 1355 1593 1411 Polybio
1615 1354 1736 1397 scribi

367 1422 556 1471 .debuit)
576 1422 645 1476 τῆς
667 1420 899 1475 Θετῗαλίας.
959 1425 1041 1467 Sed
1072 1426 1127 1467 ibi
1157 1436 1339 1468 erratum
1370 1425 1450 1469 esse
1477 1428 1520 1469 in
1539 1427 1739 1476 numeris,

389 1492 435 1535 δε
453 1493 600 1535 librum
621 1494 795 1538 XVIII.
816 1511 898 1539 non
915 1497 1040 1540 XIX.
1061 1498 1178 1539 citari
1200 1497 1399 1549 delmiffe,
1427 1499 1666 1541 monuimus
1687 1498 1739 1540 ad

390 1565 549 1610 XVlll.
571 1577 593 1620 5
609 1598 618 1614 ‚
637 1578 676 1622 9.
698 1569 741 1611 &
762 1571 810 1611 ad
831 1571 918 1612 init.
938 1569 1149 1612 lib.XV11.
1209 1570 1316 1619 Quae
1337 1584 1388 1612 ex
1410 1571 1531 1613 Libro
1550 1570 1648 1614 XX.
1665 1583 1741 1612 no-

388 1638 575 1680 minatim
597 1639 775 1682 citantur
793 1641 1053 1697 Fragmenta,
1065 1655 1112 1682 ea
1136 1642 1343 1695 pertinent
1362 1643 1410 1684 ad
1429 1654 1496 1684 res
1516 1641 1633 1685 A.V.
1656 1639 1738 1695 562

368 1708 431 1752 -&
456 1708 550 1764 563.
570 1711 715 1765 gestas.
776 1711 915 1762 Quare
937 1727 1030 1755 cum
1052 1714 1154 1755 liber
1175 1712 1331 1756 XVIII.
1353 1710 1516 1757 defier'it
1545 1713 1587 1756 in
1612 1713 1735 1756 rebus

388 1782 482 1823 anni
508 1786 611 1836 5583
649 1784 915 1838 intelligitur,
953 1799 1020 1827 res
1047 1799 1154 1827 anno
1174 1795 1268 1839 559.
1297 1785 1341 1828 δι
1370 1800 1453 1829 uno
1479 1791 1551 1828 a'ut
1568 1785 1731 1828 duobus

388 1853 652 1911 sequentibus
682 1856 815 1911 gestas
848 1858 950 1899 libro
977 1856 1102 1899 XIX.
1130 1856 1246 1899 fuiss'e
1273 1858 1599 1914 comprehensas.
1665 1856 1731 1900 Ex

317 1914 322 1918 ⁴
388 1939 567 1982 quorum
592 1941 793 1970 annorum
816 1929 981 1971 historia
1009 1930 1189 1979 nullum,
1226 1931 1337 1984 quod
1355 1929 1521 1979 sciam,—
1542 1929 1731 1984 Polybia-

387 2011 487 2041 num
518 1999 794 2055 fragmentum
822 1999 1029 2055 superest,
1080 2008 1232 2057 praeter
1258 2002 1355 2043 duo.
1415 2001 1596 2043 Primum
1624 2000 1734 2050 hoc,

386 2071 498 2125 quod
524 2071 763 2113 Plutarchus
783 2073 824 2112 in
843 2071 1000 2114 Catone
1022 2074 1111 2128 Maj.
1136 2087 1174 2128 p.
1188 2083 1262 2126 341
1280 2072 1334 2127 sq.
1355 2086 1406 2114 ex
1432 2071 1608 2128 Polybio
1626 2079 1734 2116 retu-

386 2141 458 2192 lit,
487 2141 535 2184 de
550 2141 672 2185 rebus
692 2142 745 2185 ab
763 2140 843 2198 ipso
863 2142 1013 2187 Catone
1032 2141 1114 2200 Cos]
1135 2143 1189 2186 A.
1201 2143 1254 2188 V.
1278 2154 1372 2199 559.
1388 2143 1430 2186 in
1449 2141 1647 2198 Hispania
1663 2157 1734 2200 ge-

386 2213 486 2263 βίω
515 2215 566 2257 de
588 2215 702 2269 cujus
737 2215 958 2270 fragmenti
987 2223 1233 2272 argumento
1264 2215 1406 2257 confer
1429 2215 1732 2260 Liv.XXX1V.

394 2297 459 2338 ¹7·
487 2284 531 2328 δι
562 2286 737 2342 Appian.
769 2289 820 2328 de
850 2289 971 2330 rebus
1004 2288 1166 2343 Hispan.
1197 2297 1314 2342 c.41.
1372 2286 1585 2339 Alterum,
1619 2288 1733 2343 quod

388 2357 432 2399 in
454 2358 685 2399 narratione
706 2371 844 2400 rerum
862 2359 911 2403 A.
926 2359 977 2404 V.
998 2361 1091 2414 560
1111 2360 1313 2415 gestatam
1333 2373 1384 2400 ex
1395 2359 1570 2414 Polybio
1591 2359 1735 2402 Livius
1770 2371 1773 2381 ¹

391 2428 523 2472 adfert
536 2427 736 2473 XXXIV
761 2440 827 2482 50.
848 2433 956 2485 quod
977 2432 1237 2474 exhibuimus
1251 2432 1290 2472 in
1302 2430 1392 2485 §lvio
1386 2429 1514 2486 ilegio
1523 2428 1734 2502 Reliquia-

392 2512 487 2542 rum
509 2499 668 2555 polybii
682 2513 735 2543 ex
759 2498 823 2543 lib.
838 2500 964 2547 XIX.
983 2504 1106 2548 Tom.
1128 2502 1180 2548 V.
1205 2517 1243 2559 p.
1254 2513 1310 2557 40
1319 2502 1398 2560 seq.
1770 2500 1772 2502 “

881 2644 1274 2670 *⁶*

1543 2849 1772 2959 Anno-Z
