1780 3268
501 234 583 267 An
611 234 825 268 Pomm.
855 236 981 271 xxv.
1012 236 1052 280 5.
1353 229 1435 285 563

1499 337 1533 342 ...m
1554 338 1574 342 ...v
1584 339 1587 342 .
1596 337 1651 345 -—

86 409 205 462 dice,
235 422 311 463 pro
330 403 508 459 Ἀμισὸν,
541 406 673 464 [quod
694 411 737 451 in
764 419 965 455 contextu
985 419 1073 456 erat
1088 413 1298 470 editum‚]
1314 413 1441 476 ⁸refi’ce
1474 372 1568 437 γεῖς’
1588 374 1626 410 ς’

39 492 43 494 ·
90 481 255 523 monuit
272 477 516 535 Wefl'eling.
538 483 588 522 ad
603 480 789 527 Itinerar.
810 497 857 538 p.-
870 485 968 537 867.
984 482 1152 540 [p.576.
1173 487 1348 533 ,scribere
1370 502 1442 531 vo-

22 547 24 550 ’
91 549 311 606 luerat]&
318 565 359 607 p.
370 563 466 606 700.
484 550 711 608 Parnaffios
731 554 790 598 est
800 557 997 611 oppidum
1008 556 1297 614 Cappadociae.
1306 556 1444 605 Conf

87 622 350 667 Constantini
360 623 682 679 Porphyrogen
707 624 927 676 Ceremon.
947 641 990 683 p.
999 628 1100 681 460.
1157 629 1198 673 T
1198 629 1358 672 urbamt
1373 630 1441 671 hic

94 694 181 738 loci
201 693 374 739 Vrfinus
404 697 708 752 geographicas
735 696 910 743 Galatiae
938 699 986 744 &
1014 701 1213 756 Phrygiae
1242 702 1441 752 rationes,

93 765 139 811 δι
158 773 316 810 temere
336 765 463 809 secuti
481 780 577 810 eum
600 768 690 811 sunt
710 764 904 814 editores
910 769 1088 826 Polybii,
1121 775 1201 828 qui:
1210 773 1298 828 post
1320 787 1442 815 vene-

82 846 206 885 runt.
263 838 334 882 Sic
364 840 486 895 paulo
516 840 609 896 post
646 837 785 896 [Veaejfi
798 839 858 896 9.]
893 855 969 898 pro
993 841 1287 896 Καμισέωυ,
1331 846 1446 899 quod
1477 846 1627 893 verns).

88 913 175 956 fuit
191 913 234 954 in
255 912 344 967 ejus
363 912 534 963 codice,
576 912 758 967 reposuit
781 908 994 965 Ἀμισέων.
1053 916 1185 970 Atqui
1212 916 1441 967 absurdum,

92 998 192 1027 cum
214 984 335 1039 paulo
366 991 460 1026 ante
488 982 648 1027 dixisset
667 982 811 1027 auster
840 986 1146 1031 castraveniffe
1166 989 1215 1030 ad
1244 987 1442 1039 Amisum,

86 1056 231 1099 sursus
252 1057 419 1106 dicere,
449 1069 499 1096 ea
527 1053 680 1097 veniffe
705 1057 748 1098 in
766 1058 983 1111 regionem
1003 1051 1307 1103 Amisenorum.
1363 1058 1444 1103 Re-

89 1127 204 1170 -stitui
224 1127 396 1169 debebat
415 1123 672 1170 Μωκισσέων.
730 1126 920 1184 Μοιξθὶιε
948 1129 1266 1186 estmetropolis
1287 1129 1443 1186 Cappa-

92 1201 229 1242 dociae
245 1200 287 1241 in
309 1198 501 1241 omnibus
526 1198 887 1243 Notitiissedium
913 1202 1229 1257 Episcopalium.
1261 1203 1344 1244 vid.
1363 1202 1440 1247 Ce-

91 1271 321 1314 remoniale
349 1271 460 1312 idem
488 1270 515 1313 l.
525 1283 561 1313 c.
584 1269 631 1313 &
660 1269 903 1328 Wefl'eling.
929 1273 1027 1318 ibid.
1044 1287 1082 1329 p.
1095 1286 1193 1327 701.
1211 1275 1281 1329 qui
1300 1282 1439 1320 tamen

88 1357 131 1400 p.
147 1341 242 1396 576.
261 1343 302 1384 in
323 1342 404 1384 hoc
423 1341 521 1383 loco
543 1341 796 1386 restituendo
817 1344 917 1386 alias
933 1345 1025 1387 iniit
1045 1346 1180 1388 vias.“
1207 1367 1266 1377 -—-
1313 1346 1439 1395 Quod
1504 1376 1506 1378 ψ

0 1427 5 1469 ῑ
91 1411 291 1468 Ἀμισέων
307 1415 413 1470 apud
434 1427 662 1458 vnsva
681 1413 835 1457 editum
855 1415 933 1467 est,
963 1424 1107 1458 contra
1133 1424 1315 1459 mentem
1347 1419 1436 1460 edi·
1474 1414 1485 1443 Ὺ

85 1490 192 1533 toris
213 1486 307 1538 effe,
335 1488 461 1529 docet
481 1486 661 1541 ejusdem
680 1487 852 1530 adhunc
873 1487 1015 1531 locum
1033 1487 1165 1531 Nota:
1187 1485 1278 1541 .,‚es’c
1306 1486 1433 1541 Ἀμοι·
1510 1500 1526 1521 ··
1582 1495 1597 1524 ί

0 1555 2 1616 Ι
85 1554 189 1603 σέων
210 1554 372 1615 χώραν,
400 1559 479 1608 ait,
507 1560 792 1614 reponendum
813 1560 984 1614 opinor,
1015 1572 1093 1614 pro
1113 1574 1167 1602 eo
1183 1562 1297 1616 quod,
1314 1561 1370 1603 est
1387 1563 1432 1604 in

50 1661 65 1691 s.
86 1632 346 1687 exemplari,
366 1626 420 1678 εἷς
448 1626 521 1686 τήν
547 1626 741 1686 Κοὲμησον
764 1625 917 1686 χώραν.
975 1631 1046 1674 Est
1075 1639 1212 1674 autem
1234 1628 1435 1685 Ἀμσῖσειοε

44 1697 49 1702 ’
86 1702 134 1747 &
155 1703 238 1759 ipsa
262 1703 360 1745 urbs
381 1703 520 1753 Ponti,
547 1702 759 1747 Strabonis
777 1703 908 1746 Stoici
928 1704 1157 1759 philosophi
1177 1706 1319 1758 patria.
1332 1708 1358 1729 “
1373 1727 1431 1740 -·

84 1787 468 1819 WESSELINGIVS
500 1787 540 1830 p.
561 1773 655 1829 576.
679 1775 916 1830 improbans
961 1773 1096 1819 Vrfini
1128 1774 1428 1831 -oonjefituram,

84 1847 193 1890 hanc
211 1846 358 1902 adjecit
376 1847 602 1889 rationem:
634 1847 810 1902 „partim
833 1847 944 1902 quod
964 1846 1132 1902 longius
1142 1847 1320 1890 Pontum
1336 1861 1427 1891 ver..

86 1920 154 1962 sus
191 1917 359 1974 Amasia
397 1916 445 1962 fit
474 1924 658 1968 remota3
699 1925 789 1962 tum
819 1919 968 1972 etiam,
1010 1919 1120 1975 quod
1147 1917 1426 1974 Cappadociae

83 1993 191 2048 apud
211 1991 481 2033 Ptolemaeum
501 1990 569 2033 lib.
579 1989 633 2036 V.
657 2005 691 2033 c.
702 1990 741 2034 6.
762 1989 1007 2046 praefectura
1033 1985 1252 2045 Χαμᾶνης,
1279 1990 1359 2034 five
1379 1997 1426 2035 ut

82 2065 127 2106 in
147 2062 336 2118 Palatlf&
355 2061 526 2105 Coislin.
547 2062 605 2105 est
626 2063 782 2112 codice,
810 2057 1099 2117 Χαμοὲννησος,
1131 2062 1259 2118 longe
1275 2063 1426 2106 melius
1544 2055 1553 2086 7
1583 2085 1587 2088 ·
1613 2085 1618 2089 «

83 2137 270 2190 quadret.
313 2134 450 2177 Posses
470 2136 711 2190 ceteroquin
730 2135 827 2189 (ait)
846 2137 896 2177 de
914 2134 1136 2179 Saramene
1157 2134 1262 2177 ultra
1282 2133 1424 2190 Halyn

11 2252 14 2254 ,
81 2208 190 2262 apud
211 2206 400 2250 Strabon.
415 2206 485 2248 lib.
495 2206 588 2249 XII.
607 2219 648 2262 p.
661 2205 755 2261 546.
775 2208 984 2263 cogitare,
1027 2205 1100 2248 nifi
1126 2205 1258 2248 Ponto
1286 2205 1422 2250 fuisset

38 2319 41 2322 ,
82 2279 302 2335 propior.·“
328 2297 387 2309 —-
444 2278 605 2321 Reiskii
631 2279 865 2331 sententiae,
907 2283 1059 2332 praeter
1083 2275 1181 2320 fitus
1203 2278 1422 2325 rationem.

79 2350 191 2393 favet
209 2349 346 2400 etiam,
375 2350 488 2404 quod
508 2349 628 2393 facile
644 2349 700 2392 fic
715 2350 962 2405 intelligitur
978 2350 1130 2392 erroris
1149 2350 1292 2404 origo3
1324 2362 1420 2392 nam

79 2421 184 2464 ficut
204 2422 441 2477 frequenter
459 2421 613 2464 librarii
630 2423 755 2465 nostri
775 2421 951 2464 vocales
980 2437 1009 2463 οι
1032 2420 1076 2464 &
1096 2436 1126 2463 ω
1145 2422 1253 2464 inter
1270 2421 1309 2463 se
1330 2434 1421 2476 per·

78 2499 276 2548 putarunt
296 2522 309 2546 ,
337 2500 385 2536 ut
400 2491 712 2548 vulgatiffimum
731 2504 892 2536 taceam
915 2493 1122 2535 vocalium
1141 2508 1164 2549 η
1183 2492 1226 2535 &
1242 2508 1258 2534 ι
1276 2493 1419 2537 confu-

77 2563 232 2607 fiunem
245 2595 258 2618 ‚
283 2563 338 2606 fic
356 2565 526 2607 minime
545 2565 696 2608 mirum
715 2564 796 2618 est,
823 2563 854 2606 fi
870 2565 913 2607 in
932 2564 1114 2607 obscuro.
1126 2565 1295 2607 nomine
1311 2563 1422 2607 festi·

35 2682 37 2684 ,
74 2650 178 2680 nans
199 2636 244 2680 &
267 2636 489 2692 negligens
507 2636 698 2680 librarius
711 2637 860 2680 sedem
867 2636 1079 2681 literarum
1098 2652 1125 2679 κ
1145 2636 1189 2679 &
1207 2652 1239 2690 μ
1253 2637 1362 2680 inter
1379 2635 1419 2678 se

77 2709 342 2765 permutavit

79 2813 83 2818 -
158 2777 277 2836 Vers.
301 2791 364 2824 10.
393 2793 485 2832 τους
502 2782 550 2823 ἐκ
566 2779 638 2837 τῆς
647 2774 1073 2836 Ῥωμηςπρεσβερτοίς.
1101 2777 1210 2825 Vide
1227 2792 1315 2835 cap
1326 2791 1364 2838 ,²⁹
1375 2781 1417 2828 8.
1456 2775 1548 2816 Vers-
1570 2785 1623 2814 10·

0 370 6 377 .
85 331 393 392 .,,Ποερναισσδν,
418 335 500 387 ait,
533 337 690 382 restitui
711 338 886 391 debere,
920 342 1034 396 quod
1060 341 1199 389 fuitin
1220 342 1351 389 Vrfini
1370 358 1438 386 co-

741 2922 818 2966 Nn
846 2933 873 2966 2
1296 2917 1413 2976 Verfi
