1832 3282
270 232 396 266 vru
431 189 439 279 Δ,
718 212 856 265 NIC.
903 210 1235 268 PEROTTI

273 357 326 393 ut
342 345 450 391 mihi
467 339 661 391 videatur
679 359 770 391 uno
792 344 839 389 in
856 359 987 408 opere
1005 341 1210 403 Polybius
1229 344 1276 389 ὅ(
1296 337 1492 389 summus
1511 338 1680 390 histori-

275 433 379 470 cuS,
418 416 464 461 &
485 426 631 459 orator
648 414 892 468 maximus,
927 415 973 460 &
1001 415 1193 477 optimus
1218 408 1499 477 philolophus
1527 406 1680 460 fuiss'e2

271 482 521 553 postremo,
558 479 680 549 quod
703 499 795 529 non
816 479 1087 529 mediocrem
1111 498 1183 528 me
1205 478 1321 546 apud
1348 479 1516 528 nostros
1535 484 1682 529 homi-

275 571 351 604 nes
370 551 560 618 gloriam
588 548 924 599 consecuturum
955 547 1204 618 sperabam,
1238 548 1273 598 fi
1298 568 1397 598 mea
1425 567 1558 615 opera
1586 564 1680 601 tam
1704 567 1707 573 ’

275 621 508 691 praeclarus
528 634 652 669 autor
670 638 723 669 ex
742 620 998 687 peregrino,
1034 617 1272 687 aliquando
1295 621 1525 668 Romanus
1540 617 1680 670 factus

275 688 393 751 effet,
422 696 467 742 ὅ(
486 687 637 740 omissa
654 691 802 757 gentili
820 690 986 756 lingua,
1004 693 1152 740 Latine
1170 690 1292 756 loqui
1313 686 1536 738 didicisset.
1594 695 1683 741 Ve-

274 780 377 814 rum
407 774 552 809 tamen
579 778 762 809 omnem
788 763 902 809 hanc
929 778 1075 808 meam
1106 760 1401 826 voluptatem,
1442 773 1569 827 atque
1593 764 1682 810 hoc

276 849 412 881 omne
430 828 631 879 solatium
642 867 654 887 ,
685 849 777 879 non
794 849 950 897 parum
968 827 1026 878 ad
1043 844 1291 879 extremum
1309 827 1582 878 conturbavit
1598 835 1682 879 im·

276 899 488 970 perfectio
506 905 675 966 operis,
703 898 825 968 quod
853 918 907 949 ex
925 897 1219 968 quadraginta·
1228 901 1280 948 ab
1308 901 1384 948 illo
1413 897 1538 948 editis
1560 901 1683 949 volu*

275 972 490 1027 minibus,
523 975 595 1019 vix
620 975 808 1038 quinque
828 974 978 1037 prima>
998 972 1124 1019 nobis
1142 967 1396 1036 supersunt,
1439 974 1566 1036 atque
1590 958 1684 1020 hftc

274 1037 458 1110 quidem
479 1039 534 1088 ad
558 1039 815 1107 adparatum
847 1055 1101 1090 caeterorum
1127 1036 1306 1106 scripta:
1353 1054 1400 1088 ut
1431 1043 1539 1088 mihi
1568 1054 1684 1089 certe

276 1109 476 1160 videatur
502 1108 620 1177 quasi
648 1109 702 1159 de
725 1107 953 1167 industria,
998 1113 1126 1173 hujus
1148 1113 1309 1163 autoris
1335 1107 1478 1158 sermo
1505 1114 1686 1159 interru-
1818 1104 1832 1133 ⁸

276 1196 400 1250 ptus,
452 1178 562 1228 dum
585 1194 860 1247 comparata,
903 1180 1035 1229 veluti
1058 1178 1252 1248 quodam
1269 1177 1478 1236 exordio,
1515 1178 1685 1230 audito-

276 1270 378 1299 rum
396 1249 720 1306 benevolentia,
749 1265 878 1318 atque
906 1255 1108 1299 omnium
1128 1251 1297 1298 auribus
1322 1247 1398 1298 fibi
1428 1251 1684 1307 conciliatis,

277 1340 375 1369 rem
394 1318 530 1386 ipsam
553 1317 820 1386 aggressurus
839 1334 942 1377 erat,
974 1318 1027 1368 de
1047 1339 1130 1388 qua
1149 1321 1366 1386 agebatur.
1425 1325 1467 1369 Ο
1490 1338 1687 1387 gravem,

275 1389 654 1456 detestabilemque
674 1392 908 1452 jaduram,
945 1407 973 1438 o
1002 1388 1178 1439 cladem
1211 1407 1265 1438 eo
1289 1394 1431 1456 magis
1453 1393 1509 1439 ab
1542 1392 1688 1440 omni-

276 1462 358 1510 bus
378 1457 718 1525 deplorandam,
767 1478 857 1527 quo
874 1477 1009 1535 asmo
1028 1479 1120 1509 non
1139 1458 1280 1508 modo
1303 1478 1358 1508 ex
1382 1463 1567 1518 Graccis,
1615 1478 1687 1510 ve·

276 1548 380 1580 rum
400 1532 531 1577 etiam
549 1547 601 1578 ex
621 1533 780 1578 Latinis
793 1529 1002 1580 historicis
1019 1532 1326 1579 Romanorum
1345 1548 1410 1578 res
1427 1529 1581 1598 gestas,
1615 1529 1689 1580 vel

277 1605 447 1655 veriuS,
479 1599 551 1647 vel
574 1598 813 1667 copiosius,
849 1600 1097 1663 velmajori
1117 1618 1221 1649 cum
1251 1598 1475 1666 diligentia
1493 1601 1688 1669 comple-

278 1689 360 1720 xus
382 1667 466 1717 est:
501 1665 663 1736 scripfit
681 1673 814 1727 enim,
846 1684 893 1719 ut
914 1667 1044 1720 facile
1063 1689 1115 1718 ex
1136 1674 1200 1719 his
1220 1673 1409 1739 quinque
1425 1671 1547 1721 libris
1565 1670 1689 1730 intel·

278 1735 540 1808 ligipote'st,
573 1757 752 1807 quaecun
782 1758 835 1788 ue
860 1760 885 1788 a
909 1742 1121 1789 Romanis
1150 1738 1245 1788 sunt
1264 1739 1404 1806 gesta,
1439 1760 1463 1789 a
1489 1754 1689 1810 tempore

275 1828 368 1880 quo
397 1811 595 1875 primum
624 1759 854 1861 extendere
893 1828 1047 1858 manus
1075 1824 1195 1859 extra
1233 1811 1407 1859 Latium
1436 1824 1690 1880 coeperunt,

276 1875 499 1948 quousque
518 1883 648 1927 totius
675 1880 790 1927 orbis
817 1882 1047 1947 imperium
1070 1877 1215 1947 adepti
1244 1877 1389 1928 fuere:
1441 1895 1571 1949 atque
1597 1885 1691 1930 haec

277 1953 335 2000 ita
357 1945 557 2012 scripsit,
579 1962 625 1996 ut
643 1951 783 1996 Latini
799 1946 889 1997 fere
907 1967 1060 1999 omnes
1081 1968 1184 1999 eum
1213 1947 1416 2017 deinceps
1435 1949 1517 2000 sint
1535 1948 1664 2000 secuti
1675 1969 1691 1999 ε

279 2037 406 2075 nam,
451 2031 498 2066 ut
529 2016 584 2066 de
616 2019 790 2086 reliquis
816 2033 1005 2076 taceam,
1044 2017 1395 2070 manifestiffimis
1423 2024 1692 2088 argumentis

278 2086 544 2157 deprehendi
563 2086 728 2155 potest,
756 2089 917 2137 Titum
947 2092 1120 2138 Livium
1147 2092 1425 2148 Patavinum,
1466 2089 1690 2141 historico·

278 2177 381 2208 rum
400 2157 517 2227 apud
536 2162 708 2207 Latinos
729 2161 988 2226 principem,
1019 2163 1137 2209 hune
1155 2163 1313 2226 potius,
1348 2179 1480 2228 quam
1509 2162 1692 2210 Fabium
1715 2197 1717 2199 ·

279 2231 513 2285 Pictorem,
548 2241 621 2276 aut
640 2224 856 2285 Pisonem,
881 2247 991 2296 quos
1011 2227 1098 2296 ipse
1120 2244 1352 2288 memorat,
1374 2227 1568 2280 secutum
1586 2226 1691 2279 fuis·

279 2296 350 2346 se.-
383 2303 487 2365 quip
519 2315 543 2345 e
566 2302 613 2347 ὅ(
634 2302 682 2345 in
701 2299 782 2354 his,
818 2301 863 2346 in
880 2300 1036 2367 quibus
1053 2298 1258 2361 Polybius
1282 2300 1382 2348 illos
1401 2298 1691 2368 reprehendit,

278 2368 451 2430 Polybii
472 2317 725 2416 lgmentiam
742 2364 861 2417 haud
885 2366 1062 2418 obscure
1083 2364 1298 2437 sequitur,
1332 2375 1378 2420 ὅ(
1412 2375 1468 2419 ita
1488 2387 1693 2420 nonnun-

279 2457 413 2505 quam
433 2434 544 2486 illius
573 2436 760 2503 vestigiis
788 2440 987 2497 inhaeret,
1029 2452 1079 2487 ut
1109 2442 1220 2487 mihi
1248 2439 1430 2508 quidem
1458 2426 1693 2508 vigefimu‘a

282 2511 450 2575 primus
463 2506 575 2555 liber
594 2509 732 2563 Livii,
766 2526 822 2557 ex
844 2512 972 2557 tertio
992 2508 1164 2570 Polybii
1184 2509 1296 2558 libro
1314 2509 1405 2559 fere
1423 2509 1478 2559 ad
1500 2512 1694 2560 verbum

280 2574 405 2627 trans
403 2577 514 2626 latus
534 2572 617 2626 esse
632 2573 851 2627 videatur:
876 2597 927 2626 ac
945 2578 1052 2628 nihil
1068 2576 1166 2627 sane
1188 2582 1296 2629 inter
1315 2599 1388 2629 eos
1410 2579 1594 2638 interest,
1613 2577 1695 2632 nist

280 2645 401 2714 quod
420 2649 567 2697 Livius
586 2646 803 2713 aliquanto
832 2649 1002 2697 brevius
1024 2666 1090 2698 res
1127 2648 1263 2715 gestas
1288 2649 1443 2708 refert,
1488 2651 1695 2713 Polybius

282 2713 496 2768 diffusius.
567 2717 713 2764 Livius
733 2731 955 2784 portenta,
987 2738 1036 2767 ac
1063 2715 1269 2786 prodigia
1288 2721 1492 2788 plurima,
1526 2725 1573 2770 &
1601 2738 1697 2768 ora·

282 2786 378 2858 cula
394 2822 412 2852 ,
456 2805 509 2842 ac
525 2783 727 2858 ‚visiones
754 2789 962 2862 Deorum.
978 2804 1340 2862 ‚commemorate
1393 2791 1603 2857 Polybius
1631 2793 1700 2838 his
1724 2803 1728 2808 ·

1557 2878 1701 2911 omm-
