1780 3268
494 239 571 271 An
602 238 814 268 Pomm.
843 237 965 269 xxv.
996 235 1035 280 7.
1057 215 1104 276 8.
1386 223 1470 282 567
1591 275 1595 279 ,

117 340 350 385 tor1s1ll1us
370 338 422 382 fit
439 340 614 384 mentio.
655 337 768 383 Tum
795 352 894 383 vero
916 311 1261 396 Philopoemenis
1280 340 1469 396 elogium
1507 365 1601 406 vers
1620 373 1658 411 7

115 413 376 469 persecutus
388 411 446 455 est
468 412 705 466 Polyqus
694 426 736 453 m
764 412 888 454 rebus
919 411 1016 454 anni
1039 419 1135 466 571.
1164 419 1247 468 quo
1278 421 1470 456 mortuus

113 485 176 528 est
197 479 505 540 Philopoemen.
523 481 686 527 XXIV
705 493 748 539 9.
807 484 936 539 Atqui
953 484 1104 527 eodem
1124 497 1232 526 anno
1257 492 1357 538 571,
1382 497 1468 528 non

118 571 228 599 anno
256 555 477 611 superiori,
515 557 702 611 primum
720 557 895 599 Romam
921 555 1086 612 legatus
1114 555 1250 599 fuerat
1273 551 1467 602 Chaeron'.

107 626 277 671 XXIV.
297 639 347 682 4,
374 637 422 680 5.-
447 628 594 669 confer
623 627 741 695 supra
768 629 819 671 ad
845 627 948 671 vers.
967 639 1005 671 2.
1069 627 1199 679 Quod
1229 642 1331 671 vero
1358 628 1467 671 hane

114 702 205 742 rem
228 698 417 742 ac‘c'idffl'e
441 700 491 742 A.
505 687 560 744 V.
584 698 679 753 564.
700 698 760 753 (id
781 699 862 751 est,
892 711 946 741 ex
974 695 1111 743 nostra
1130 701 1313 752 ratione,
1352 713 1464 742 anno

117 762 213 827 565.
236 761 320 828 quo
342 768 501 814 exsules
527 763 731 826 Spartam
740 771 904 815 reduxit
928 771 1242 828 Philopoemen)
1274 772 1331 814 ait
1356 770 1465 815 Reis-

111 844 220 895 kius,
230 857 383 900 parum
400 845 440 886 id
462 844 605 898 utique
626 843 837 899 probabile
857 843 927 886 est.
955 843 1082 894 Quod
1102 840 1205 900 vers.
1218 855 1255 899 3.
1274 841 1345 886 de
1340 843 1463 899 agris
1510 901 1513 905 Ι

112 916 233 967 dicit,
258 916 498 976 propinquis
519 912 697 969 exsulum
715 927 743 957 a
763 913 952 958 Chaerone
967 914 1163 966 ademtis,
1198 924 1299 973 'quos
1328 927 1462 982 agros

111 988 279 1042 tyranni
305 988 362 1031 eis
376 987 580 1042 fruendos
602 981 901 1044 ρενηιῖβεναηίς
944 980 1260 1043 intelligendum
1296 977 1461 1030 videtur

113 1061 166 1102 de
184 1057 398 1103 veteribus
414 1050 642 1108 exsulibuS,
671 1074 694 1100 a
714 1058 1037 1130 Philopoemene
1055 1058 1222 1115 quidem
1238 1070 1345 1115 anno
1353 1055 1458 1113 565.

109 1131 152 1174 in
178 1132 322 1174 urbem
343 1127 552 1194 reduffls,
591 1129 660 1173 sed
687 1127 822 1185 nuper
838 1143 865 1171 a
882 1128 1094 1186 Spartanis
1123 1130 1261 1174 rursus
1291 1129 1456 1186 ejeffis,

108 1202 271 1248 XXIV.
293 1213 338 1258 5,
365 1208 427 1254 ¹8.
452 1217 548 1245 cum
581 1207 760 1258 quorum
778 1198 1030 1258 ‘propinquis
1058 1201 1207 1246 saevius
1224 1199 1345 1251 gnunc
1368 1203 1459 1257 egit

106 1274 284 1319 Chaeron
299 1303 312 1323 ,
340 1284 462 1332 quam
489 1274 588 1317 olim
606 1263 783 1330 'egerunt
799 1269 979 1328 tyranni.
1038 1273 1171 1317 Nobis
1187 1270 1362 1330 'suspitio
1377 1275 1449 1316 ob-

106 1355 199 1390 orta
219 1348 320 1398 fuit,
342 1353 565 1402 ‚proetorem
585 1346 702 1388 illum
725 1346 1002 1395 Achaeorum,
1034 1347 1105 1401 qui
1125 1359 1234 1388 nunc
1255 1358 1456 1395 memora-

31 1410 35 1414 Α
104 1425 197 1471 tur,
222 1418 479 1477 Arzstaenum
485 1417 648 1461 fortaffe
669 1410 810 1468 fuifl'e,
841 1418 893 1460 de
911 1429 995 1472 quo
1013 1418 1152 1473 agitur
1167 1417 1392 1474 capiteseq.
1467 1419 1490 1437 ·’

200 1504 248 1548 V
244 1502 317 1557 ers
337 1509 377 1555 8.
412 1500 624 1559 φροντίσαι
645 1499 698 1545 δέ.
761 1502 978 1561 Perperam
1000 1501 1218 1563 Φροντῖσας
1243 1503 1288 1546 δὲ
1306 1501 1455 1551 Suidas
1490 1497 1584 1536 Vers-
1604 1502 1640 1540 8·

107 1573 285 1620 Kiisteri.
341 1575 471 1620 Reae
490 1577 589 1619 edit.
606 1575 777 1618 Mediol.
799 1588 896 1616 cum
914 1575 1030 1618 editt.
1053 1575 1228 1633 polybii.

557 1703 590 1746 C
621 1703 659 1745 A
689 1704 718 1746 Ρ
749 1703 789 1749 V
818 1703 859 1748 T
915 1702 998 1747 IX.
1483 1717 1646 1763 capax.

197 1787 308 1846 Vetjs.
329 1803 362 1834 ι.
406 1787 676 1842 Φιλοποίμενα
704 1785 772 1845 καὶ
799 1786 1063 1844 Ἀρίσταινον.
1121 1790 1310 1842 Quanam
1337 1803 1455 1832 occa·
1489 1789 1586 1829 Vers.
1609 1798 1641 1828 ¹.

101 1860 214 1904 fione
234 1863 339 1906 hanc
359 1863 465 1905 inter
483 1860 890 1919 Philopoemenem&
915 1861 1158 1919 Arzstoenum
1189 1862 1453 1916 comparatio·

105 1947 194 1977 nem
216 1934 435 1977 instituerit
458 1934 684 1990 Polybius,
716 1947 800 1975 non
816 1934 960 1990 quuet.
1019 1934 1095 1976 Ad.
1116 1933 1452 1988 Philopoemenis

103 2005 292 2061 elogium
320 2020 406 2048 non
434 2007 567 2060 magis
598 2005 679 2047 hoc
711 2013 856 2060 caput,
900 2018 1021 2060 quam
1047 2012 1170 2061 caput
1187 2006 1453 2060 praecedens,

101 2068 313 2133 pertinere
333 2079 508 2121 videtur.
548 2078 614 2119 An
635 2078 864 2120 Aristaenus
886 2085 1043 2133 praetor
1060 2077 1137 2120 fuit
1155 2077 1237 2120 hoc
1258 2084 1449 2131 tempore

0 2177 2 2198 z
36 2200 39 2203 Δ
100 2149 379 2200 Achaeorum,
408 2150 444 2191 is
468 2150 538 2204 qui
556 2162 643 2204 cap.
663 2162 789 2204 praec.
815 2149 916 2191 vers.
928 2162 966 2204 7.
986 2155 1240 2191 memoratus
1259 2147 1350 2191 est?
1382 2148 1451 2190 An

0 2205 1 2226 ἶ
99 2229 292 2263 mortuus
314 2222 396 2263 hoc
414 2235 521 2262 anno
543 2221 771 2263 Aristaenus
795 2221 876 2273 est,
908 2230 955 2263 ut
975 2222 1025 2262 de
1054 2220 1239 2274 ingenio,
1265 2220 1450 2262 moribus

100 2290 346 2334 &instituto
364 2293 544 2334 hominis
569 2306 617 2334 ea
641 2292 869 2340 occasione,
900 2299 947 2334 ut
967 2291 1083 2340 solet,
1110 2290 1339 2333 disseruerit
1359 2290 1452 2333 scri-

99 2362 234 2418 ptor?
267 2364 434 2407 Posthac
455 2371 569 2407 certe
587 2365 697 2407 nulla
719 2365 893 2418 amplius
911 2363 1087 2418 ejusdem
1102 2361 1151 2405 fit
1167 2363 1340 2405 mentio.
1383 2362 1451 2405 De

100 2436 258 2476 nomine
277 2434 465 2489 Aristceni
495 2436 672 2479 diximus
704 2438 752 2478 ad
782 2435 919 2480 XVII.
950 2448 965 2477 ι
982 2465 994 2485 ,
1016 2444 1056 2488 4.
1115 2434 1182 2478 De
1204 2435 1375 2491 ingenio
1404 2433 1451 2478 &

0 2505 13 2546 ’.-
102 2505 287 2548 instituto
306 2507 486 2550 hominis
507 2509 651 2550 confer
662 2507 821 2549 XXIII.
839 2506 956 2563 9seq.
986 2505 1179 2549 Ceterum
1193 2513 1324 2550 totam
1344 2506 1451 2549 hanc

0 2574 3 2616 l
100 2575 308 2633 Eclogam
332 2579 456 2621 habet
476 2578 622 2621 Suidas
643 2580 684 2620 in
708 2575 970 2633 Ἀρίστωνος.
1030 2600 1088 2609 --
1144 2576 1249 2621 Ibid.
1267 2571 1360 2621 οὗτε
1378 2572 1451 2635 τήν

101 2644 226 2703 φύσιν
248 2647 386 2701 ὁμοίαν
405 2651 535 2703 σχὲῐν.
575 2648 619 2692 οὐ
637 2645 708 2705 τήν
732 2646 856 2704 φύσιν
875 2648 973 2702 μίαν
999 2648 1114 2703 ἔχειν
1132 2649 1293 2693 Suidas.

194 2720 310 2778 Verjs.
330 2735 368 2777 3.
407 2722 523 2763 τοῦτο
551 2720 747 2777 διέφερεν.
814 2717 940 2777 τούτῳ
969 2722 1100 2766 Vrfin.
1127 2736 1180 2763 ex
1198 2720 1376 2777 conjeft.
1408 2722 1451 2765 in
1489 2716 1586 2758 Vers·
1607 2724 1639 2764 3·

101 2806 197 2849 ora,
228 2794 272 2836 in
296 2795 458 2851 Polybii
479 2794 512 2836 F
514 2795 740 2850 tegmentis
748 2824 761 2846 ‚
790 2807 892 2850 quas
909 2793 1085 2852 Eclogis
1107 2793 1325 2838 subtexuit.
1582 2802 1591 2810 '

0 2918 3 2996 'i
157 2886 182 2923 ''
262 2886 277 2923 γ’
843 2921 922 2965 Nn
947 2932 975 2976 4
1341 2919 1458 2977 Verfi

0 3004 2 3026 ι
