1780 3268
512 218 590 250 an
621 218 833 249 rotvn-
861 217 1006 252 xxxv.
1034 218 1077 262 4.
1377 216 1461 262 535

1509 305 1672 314 νον-ο-ι

105 323 164 366 vii
189 321 324 365 fuerat
347 319 546 376 suspicio,
577 320 649 376 qui
681 321 731 363 ad
757 334 873 364 oram
901 321 960 364 sui
987 322 1081 364 libri
1098 320 1181 364 h.1.
1214 322 1448 364 adnotavit:
1486 341 1581 380 Vas·
1602 317 1640 383 7

100 394 247 452 „Deest
266 392 464 449 Appius.“
488 411 547 423 ·—
605 391 732 436 Deest
751 400 891 436 autem
909 393 1022 436 tertii
1039 394 1174 448 'legati
1197 406 1347 435 nomen
1366 407 1452 435 non

102 468 233 511 modo
252 468 295 509 in
315 465 512 508 Bavarico
532 464 701 515 codice,
734 466 804 520 qui
824 465 882 507 nil
910 465 1018 507 aliud
1045 465 1116 508 nifi
1138 465 1280 515 Τῖτος,
1308 461 1452 507 Καικί-

102 541 211 587 λιος,
241 538 387 587 habet3
418 549 562 578 verum
585 537 711 579 etiam
740 538 783 578 in
803 538 995 593 ambigua
1015 544 1139 592 atque
1168 538 1290 582 dubia
1315 535 1453 580 Vrfini

101 609 305 657 leffione:
336 621 430 650 nam
457 605 540 651 five
566 606 747 656 Κοΐντιος
777 609 890 651 dedit
920 611 1055 651 codex
1081 609 1193 665 ejus,
1231 608 1356 652 fuerit
1381 608 1450 650 hic

108 679 400 737 Ἐραὶηῗίίιιςς
430 678 515 721 five
534 674 724 731 Κόϊντος,
757 681 883 723 fuerit
901 679 1078 736 Quintus
1098 679 1293 723 Caecilius.
1348 680 1452 722 Pau-

101 755 230 803 sanias
255 751 347 798 VII.
367 763 407 808 9,
436 752 660 808 p.544seq.
705 753 757 794 de
791 753 936 795 eadem
967 766 1035 804 re,
1072 752 1263 808 quaehic
1292 752 1453 806 agitur,

100 829 300 883 loquens,
329 824 461 867 solum
488 824 668 879 Appium
696 822 911 867 Claudium
940 823 1150 876 nominat,
1188 838 1210 866 a
1229 837 1312 879 quo
1330 824 1450 867 litem

99 899 319 943 diremtam
342 897 423 939 ait:
453 895 578 938 sedin
597 896 678 938 hoc
697 896 859 953 prorsus
879 896 1048 939 discedit
1074 911 1097 937 a
1117 895 1316 951 Polybio,
1357 895 1449 948 (cu-

95 971 166 1028 jus
186 969 310 1026 ipfius
332 969 476 1020 verba,
507 974 554 1011 ut
570 969 754 1019 videtur,
787 981 1004 1024 perperam
1023 966 1218 1022 accepit)
1246 968 1357 1022 quod
1379 967 1451 1018 ait,

99 1043 184 1098 Ap.
203 1040 434 1091 Claudium,
465 1053 562 1081 cum
582 1040 645 1082 eis
668 1040 798 1095 quiin
821 1039 1019 1095 superiori
1037 1039 1248 1094 legatione
1270 1038 1450 1082 comites

101 1116 194 1171 ejus
213 1114 398 1162 fuerant,
427 1112 564 1154 rursus
588 1112 630 1154 in
665 1109 873 1156 Graeciam
901 1110 1018 1154 fuisse
1049 1126 1072 1153 a
1100 1110 1237 1153 senatu
1260 1110 1451 1153 Romano

98 1185 261 1230 miffum
282 1186 332 1227 ad
351 1185 448 1228 lites
469 1184 882 1227 Lacedaemoniorum
902 1181 1242 1237 Achaeorumque
1266 1180 1452 1237 judican-

98 1260 186 1302 das.
241 1256 377 1300 Immo
395 1268 521 1305 vero,
550 1262 637 1297 tres
662 1255 759 1301 illos
781 1255 1000 1310 virosnon
1023 1255 1065 1296 in
1087 1253 1294 1296 Graeciam
1311 1250 1451 1294 miffos

99 1329 301 1385 Polybius
322 1328 444 1379 dicit;
472 1325 538 1369 sed
561 1341 612 1368 ex
640 1327 835 1369 mandato
859 1326 1023 1368 senatus
1054 1325 1198 1367 Romae
1220 1338 1360 1365 coram
1382 1323 1450 1364 his

25 1431 28 1433 Δ
99 1401 348 1446 emuleatius
368 1401 604 1456 disceptatae
623 1400 714 1442 sunt
732 1398 982 1454 quaestiones
1002 1396 1294 1446 controversae,
1321 1395 1364 1438 δι
1382 1395 1448 1436 his

80 1462 279 1530 'denique
298 1473 458 1516 arbitris
478 1473 523 1516 &
542 1471 880 1516 conciliatoribus
898 1467 1137 1524 compofitae
1159 1469 1267 1511 lites.
1304 1467 1450 1509 Novus

96 1548 263 1603 legatus
285 1547 326 1588 in
348 1543 549 1589 Graeciam
571 1558 657 1587 non
677 1544 761 1597 Ap.
785 1542 994 1588 Claudius,
1015 1540 1080 1582 sed
1100 1538 1151 1596 Q.
1170 1540 1359 1582 Marcius
1377 1551 1450 1579 no-

95 1620 278 1663 minatus
309 1617 380 1661 est.
428 1619 523 1660 vide
553 1618 634 1660 hoc
664 1628 754 1671 cap.
787 1613 842 1658 vs.
869 1609 933 1656 16.
962 1612 1007 1656 &
1033 1627 1068 1654 c.
1089 1610 1138 1663 6,
1168 1626 1203 1656 1.
1232 1611 1275 1655 δι
1305 1611 1449 1654 Livius
1476 1634 1503 1660 ς

96 1689 299 1737 ΧΧΧΙΧ.
317 1694 385 1743 48.

190 1758 302 1818 Vers.
321 1766 361 1813 8.
395 1757 467 1812 ἐφ’
485 1754 540 1808 οἷς
560 1756 783 1811 «γενομένων
800 1753 930 1808 λέγων
939 1751 1143 1799 πλειόνων.
1172 1750 1243 1806 ἐφ’
1260 1747 1328 1803 οἷιξ,
1340 1750 1453 1808 apud
1486 1735 1580 1775 vers·
1601 1741 1622 1778 ⁸

94 1847 221 1891 quos,
252 1848 389 1877 coram
409 1833 577 1890 quibus,
607 1832 752 1889 quibus
768 1831 957 1873 arbitris.
1019 1827 1214 1872 Vfitatius
1232 1827 1330 1868 alias
1351 1839 1448 1867 cum

94 1907 284 1963 genitivo
312 1906 404 1948 casu
435 1905 684 1948 construitur
708 1905 750 1946 in
780 1903 852 1946 ista
884 1901 1056 1944 notione
1091 1898 1328 1956 praepofitio
1357 1896 1448 1947 ἐπὶ,

93 1980 446 2035 quemadmodum
467 1992 504 2020 v.
526 1992 562 2020 c.
582 1976 793 2019 Pausanias
815 1975 858 2017 in
880 1974 1025 2016 eadem
1044 1986 1087 2013 re
1106 1982 1253 2026 p.745.
1273 1971 1353 2026 air„
1382 1963 1448 2023 καὶ

91 2046 223 2102 λόγων
239 2048 446 2108 ῥηθέντων
468 2044 543 2092 dna
565 2044 812 2104 οἶμφοτέροις
835 2045 904 2089 ἐπὶ
921 2045 991 2100 τῆς
1006 2044 1177 2099 βουλῆς,
1216 2031 1449 2102 apudsena-

94 2129 209 2176 tum,
237 2137 373 2165 coram
381 2119 547 2179 firmtu.
606 2121 687 2164 Sed
717 2134 797 2163 nec
822 2118 1012 2172 exempla
1041 2116 1184 2158 desunt
1206 2113 1328 2169 hujus
1352 2113 1450 2155 stru-

92 2194 224 2239 &urae
249 2209 345 2238 cum
364 2195 492 2240 tertio
513 2194 626 2246 casu,
656 2194 708 2237 de
731 2206 811 2248 qua
831 2191 1011 2234 diximus
1034 2191 1083 2230 ad
1104 2187 1179 2230 ΙΙΙ.
1203 2198 1277 2236 22,
1299 2188 1339 2235 8.
1377 2183 1447 2226 Sic

19 2263 22 2269 ’
91 2267 163 2311 ἐπὶ
185 2262 384 2324 μάρτυρι,
420 2280 559 2309 coram
589 2263 772 2321 testibus,
818 2263 925 2318 apud
953 2261 1132 2316 Appian.
1157 2259 1210 2302 T.
1228 2258 1263 2300 Ι.
1289 2271 1328 2312 p.
1345 2267 1449 2312 197,

90 2351 164 2395 45.
183 2339 227 2383 δι
254 2340 308 2383 Τ.
323 2339 373 2382 ¹1.
395 2350 526 2395 p.411
544 2369 557 2392 ‚
577 2351 647 2394 97.
677 2336 721 2381 &
742 2333 851 2392 496,
874 2344 943 2389 25.
972 2332 1122 2375 nostrae
1153 2329 1363 2373 editionis.
1390 2350 1450 2359 -

91 2412 200 2456 Ibid.
227 2411 322 2467 περὶ
342 2411 413 2456 τοῦ
427 2408 576 2463 μένειν.
607 2411 700 2467 περὶ
719 2404 870 2452 τούτων
889 2403 1022 2459 μένειν
1041 2407 1139 2446 Bav.

181 2482 294 2540 Vns.
313 2495 355 2539 9.
394 2481 448 2532 εἰς
469 2479 662 2531 ἑκάστους
693 2475 902 2535 φυγάδας,
947 2479 989 2521 in
1022 2487 1216 2532 quemque
1248 2472 1339 2528 (vel
1372 2485 1454 2528 pro

90 2557 268 2615 quoque)
287 2570 340 2599 ex
359 2553 574 2613 exsulibus.
632 2554 740 2598 Cum
762 2554 804 2595 in
826 2558 1027 2598 contextu
1051 2547 1224 2592 Vrfinus
1240 2545 1293 2588 fic
1312 2543 1454 2586 edidis-

91 2633 152 2675 set
172 2631 304 2684 (quod
327 2627 371 2672 &
395 2629 523 2671 ceteri
546 2636 718 2670 tenuere
740 2622 945 2675 editores)
965 2615 1018 2668 ἅς
1038 2625 1061 2651 *
1083 2635 1130 2662 τε
1151 2614 1228 2674 vaip
1255 2612 1454 2670 φυγάδας,

91 2703 143 2744 ad
160 2715 275 2744 oram
297 2702 460 2743 notavit
477 2695 593 2750 τούς,
623 2700 735 2755 quod
756 2711 840 2754 quo
863 2696 1039 2738 relatum
1065 2692 1191 2735 volue
1219 2720 1238 2730 ..
1267 2690 1377 2733 haud
1402 2686 1457 2729 sa-

91 2776 147 2816 tis
178 2774 364 2828 adparet.
419 2772 528 2815 Illud
556 2786 609 2814 ex
637 2771 762 2842 §otis
793 2769 882 2825 ejus
913 2765 1166 2818 intelligimu
1203 2794 1217 2814 ,
1261 2761 1454 2803 codicem

86 2843 213 2902 ipfius
231 2859 327 2890 cum
345 2844 549 2888 Bavarico
562 2845 610 2895 ‚in
630 2858 685 2893 εις
707 2857 754 2886 τε
774 2837 851 2905 γοέρ
871 2834 960 2885 τούς
983 2831 1171 2900 φυγάδας
1199 2830 1454 2885 consenfiffe.

889 2912 948 2957 Ll
983 2922 1010 2965 4
1359 2903 1455 2953 Qua

1490 2460 1585 2502 Vers.
1602 2468 1637 2505 9.
