1780 3268
420 246 499 277 An
528 245 737 277 route.
778 242 887 276 xxr.
926 236 967 283 8.
997 245 1038 290 9.
1072 246 1137 299 to.
1353 244 1435 288 435

93 333 219 395 ἑσέιδς
259 337 406 403 saepius'
443 347 698 403 usurpantur.
766 346 1020 403 ‘Respondet
1062 339 1257 399 hocei,
1316 349 1430 403 quod

96 421 236 476 'paullo
255 428 351 461 ante
374 417 502 466 dixit,
530 417 664 462 ἐδεδίει
686 414 776 466 τούς
794 414 1018 471 Ῥωμαίους,
1049 419 1094 461 &
1114 420 1304 461 solicitari
1322 420 1436 461 nulio

94 493 223 534 modo
241 491 393 532 debuit.
439 490 559 532 Plane
577 492 618 532 in
637 492 880 533 contrariam
902 504 1060 546 partem
1082 492 1276 534 Reiskius
1297 490 1438 546 ἐνέστη

94 563 322 609 maluerat,
361 563 473 617 quod
506 563 631 620 vertit
656 562 870 620 infistebat‚
915 560 1094 605 haerebat
1112 594 1126 615 ,
1169 561 1220 606 e&
1241 561 1439 618 pendebat

91 634 220 676 animi
236 632 394 676 dubius.

177 748 288 806 Vevss
314 749 356 795 6.
387 754 460 798 εἰς
492 747 829 801 ποὶλοιπλοεοζιόυς.
886 750 957 793 Nil
983 743 1088 807 opus
1118 759 1206 795 erat
1236 751 1437 807 particula

91 817 183 878 noe),
228 836 350 878 quarn
370 821 441 864 suo
461 837 511 864 ex
531 824 702 878 ingenio
718 823 874 865 invexit
893 821 1058 863 casaub.
1108 823 1164 865 Et
1189 825 1286 866 ferri
1307 824 1440 878 potest

96 893 172 946 εἰς,
202 897 313 950 quod
330 894 452 936 habet
469 892 663 942 Vrfinus,
690 893 734 936 &
755 894 937 936 defendit
966 893 1176 936 Reiskius.
1244 888 1330 937 Sed
1349 908 1438 950 per-

95 969 315 1008 commode
343 967 466 1008 etiam
495 979 634 1007 carere
662 965 870 1021 possumus
897 964 1185 1020 praepofitione
1202 997 1213 1018 ,
1259 980 1351 1022 quae
1387 980 1439 1008 ex

94 1039 384 1081 terminatione
412 1037 527 1079 verbi
548 1038 824 1092 praecedentis
852 1031 1066 1092 ηὐξηκότες
1106 1045 1263 1080 temere
1291 1039 1440 1082 inserta

95 1111 226 1154 videri
248 1109 399 1164 potest:
1332 1121 1335 1124 ·

186 1193 296 1251 Vens.
310 1208 349 1250 7.
382 1191 623 1249 Κολίχοιντοι
644 1195 826 1237 correxit
844 1192 976 1239 Vrfin.
1006 1192 1116 1239 Vide
1135 1195 1185 1237 ad
1203 1193 1278 1238 XI.
1294 1207 1370 1247 20,
1393 1208 1432 1251 3.

183 1312 231 1356 V
226 1311 297 1367 crs.
322 1326 336 1356 1
353 1325 384 1356 ι.
414 1309 593 1368 αἱρὲἱιθοᾳ
613 1307 667 1355 τοὶ
685 1313 764 1355 τῶν
783 1306 996 1365 Ῥωμαίων.
1055 1312 1124 1356 Sic
1143 1310 1255 1355 reete
1272 1312 1437 1358 casaub.

70 1379 148 1428 ’τοὶ
165 1384 273 1429 abest
298 1385 345 1427 ab
368 1386 465 1428 edit.
491 1383 579 1430 Vrs.

561 1525 869 1573 CAPVT
925 1525 1015 1571 X.'

176 1625 288 1672 Vide
313 1628 403 1670 Liv.
431 1625 656 1671 XXXVII.
687 1638 766 1682 34-
779 1625 845 1681 36.
903 1649 962 1659 -—-
1021 1622 1190 1682 Versa.
1231 1623 1338 1670 nmo?
1367 1623 1440 1684 τήν

91 1698 339 1753 ναυμαχίαν.
367 1721 426 1730 -—
462 1698 711 1760 „Significat
730 1700 888 1742 cladem
909 1712 1048 1755 pugna
1069 1699 1204 1742 navali
1221 1702 1270 1743 ad
1291 1701 1478 1756 Myon-

7 1774 12 1779 '
91 1772 233 1815 nesum
249 1778 496 1825 acceptam.
488 1773 513 1794 “
541 1784 790 1813 REISKIVS.
849 1770 960 1815 Vide
984 1770 1072 1812 Liv.
1102 1770 1156 1812 ib.
1184 1785 1271 1828 cap.
1284 1785 1352 1827 30.
1380 1793 1439 1804 --

91 1842 196 1886 Ibid.
229 1838 491 1890 uaeroeuehtxwv
522 1846 576 1885 ἐν
607 1845 688 1890 τοῖς
718 1836 837 1890 ’σ’λοις.
895 1842 944 1884 In
974 1839 1240 1892 καταμέλλειν
1271 1845 1438 1887 consen-

93 1916 203 1958 tiunt
221 1915 359 1970 scripti
383 1915 549 1956 codices
570 1928 665 1956 curn
684 1916 803 1957 editis
815 1930 828 1966 ς
869 1915 920 1956 de
940 1927 1022 1969 quo
1052 1915 1178 1956 verbo
1201 1917 1343 1958 confer
1353 1916 1438 1959 No-

93 1993 176 2029 tata
202 1986 303 2029 adI.
326 1997 401 2040 44,
437 2000 470 2029 ι.
535 1985 872 2042 P1aep0st10nem
902 1999 1004 2027 vero
1035 1987 1087 2027 ἐν
1124 1987 1268 2048 utique
1299 1989 1438 2030 delen-

89 2059 181 2100 dam
200 2065 414 2117 putemus,
443 2065 588 2112 utpote
618 2072 670 2100 ex
699 2058 988 2172 terminatione
1020 2057 1137 2100 verbi
1158 2060 1435 2115 praecedentis

91 2137 248 2172 temere
267 2137 413 2171 ortam.
470 2128 579 2173 Vide
598 2131 648 2171 ad
669 2127 722 2173 V.
747 2128 882 2184 35,6
886 2158 895 2168 .

178 2226 292 2285 Vens.
304 2227 344 2271 6.
374 2231 418 2271 ἐν
438 2230 518 2277 τοῖς
542 2225 647 2285 ἑξῆς.
706 2227 816 2273 Vide
837 2229 954 2282 infra,
984 2245 1073 2288 cap.
1091 2242 1155 2274 12.

176 2342 291 2400 Verjfi
314 2357 354 2400 7.
383 2340 544 2394 ἐνόντας
565 2344 678 2388 reste
696 2346 795 2388 Bav.
817 2346 861 2389 δι
887 2346 940 2389 fic
959 2346 1083 2389 etiarn
1100 2346 1252 2402 repetit
1266 2344 1437 2391 Vrsinus

86 2417 130 2459 in
149 2417 274 2460 Notis
287 2450 300 2468 ,
331 2432 427 2460 curn
446 2419 489 2460 in
508 2426 708 2461 contextu
727 2420 883 2461 editum
903 2418 1001 2460 effet
1021 2413 1189 2469 ἐνόντες,
1216 2432 1436 2474 operarum

88 2496 279 2544 putamus
302 2503 458 2532 errore.
487 2511 547 2522 --
573 2489 680 2532 [bid.
701 2490 768 2532 ἐπὶ
794 2490 863 2546 τῆς
884 2486 1203 2545 στρατοπεδείας.
1235 2490 1438 2545 Suspicari

84 2558 208 2616 poffis
228 2558 287 2602 ἔτι
305 2560 356 2618 τῇ
377 2557 675 2616 στρατοπεδείᾳ.
734 2562 920 2617 Persaepe
951 2561 1018 2602 ἐπὶ
1047 2561 1094 2604 &
1125 2560 1183 2603 ἔτι
1205 2569 1435 2621 permutata

85 2632 192 2674 inter
207 2631 247 2674 se
267 2633 466 2675 vidimus:
496 2632 604 2688 saepe
621 2634 741 2676 etiam
757 2634 847 2689 jota
873 2633 1219 2684 subscribendum,
1251 2634 1361 2688 quod
1383 2633 1434 2673 ad

19 2694 22 2697 ⁵
84 2701 193 2744 latus
215 2704 367 2746 vocalis
391 2704 563 2761 posuere
591 2716 755 2748 veteres
782 2704 957 2755 librarii,
993 2705 1037 2745 in
1064 2705 1225 2746 literam
1246 2720 1270 2746 σ
1289 2717 1433 2759 perpe·

85 2787 172 2815 ram
191 2782 389 2817 mutatam
407 2776 724 2818 observavimus.
783 2774 865 2817 Sed
892 2774 936 2816 &
967 2776 1132 2831 vulgata
1161 2776 1354 2831 scriptum
1373 2776 1429 2816 lo-

83 2857 180 2888 cum
199 2847 304 2889 tueri
323 2847 479 2902 potest3
511 2847 737 2904 praesertim
758 2846 785 2888 fi
807 2860 883 2903 pro
905 2841 1066 2895 ἐνόντας
1080 2849 1274 2904 iegamus
1293 2845 1429 2899 μένον-

844 2917 918 2960 Ee
948 2931 973 2962 2
1341 2928 1430 2965 ταις,

1478 314 1657 349 ΙΙ

1475 764 1571 803 Vers.
1589 765 1625 805 6,

1470 1211 1566 1250 Vers.
1593 1223 1627 1257 7.

1477 1330 1572 1368 Vers.
1596 1341 1649 1368 11.

1473 1564 1559 1609 Cap.
1579 1566 1625 1601 X.

1476 1637 1571 1677 Vers.
1593 1648 1627 1675 1.

1469 2229 1566 2269 vers.
1589 2230 1626 2268 6.

1476 2351 1509 2387 V
1510 2348 1571 2387 ers.
1590 2357 1625 2392 7.
