1780 3268
389 211 472 265 382
769 252 772 259 ι
814 214 1308 261 Αυκοτᾼτιοκῑὲ

187 271 367 293 *

390 325 540 381 quibus
569 324 618 373 ab
642 303 845 380 impreffis
864 326 1065 382 exemplis
1091 327 1136 368 in
1167 327 1368 371 diversum
1397 302 1740 371 abitBavaricus

393 398 541 448 codex,
569 396 750 439 fideliter
766 397 1070 453 diligenterque
1097 398 1384 447 indicabimus.

158 467 257 510 vers·
277 468 311 506 ⁶¹
339 467 390 515 sq·
463 527 466 529 ,
487 479 599 538 Vers.
619 481 660 525 6.
688 479 801 540 μένῃ.
833 480 944 535 μένει
963 482 1062 525 Bav.
1100 483 1202 526 Mox
1220 485 1330 528 idem
1352 481 1412 540 ᾆεὶ
1430 497 1526 528 cum
1541 484 1632 540 jota
1651 483 1739 527 sub-

393 554 547 611 scripto
569 569 647 610 pro
669 550 751 605 oe'ei,
790 553 836 597 ὅτ.
860 554 914 596 fic
932 554 1179 598 constanter.
1236 557 1401 612 Nempe
1419 553 1495 600 αἰεὶ
1518 557 1650 599 voluit
1668 557 1740 598 de·
1779 559 1780 578 ³

393 627 551 670 buitve.
631 623 742 681 Verfl
773 638 815 680 7.
858 621 1084 668 Ἐλατεῖαν.
1124 624 1319 670 Ἑλοετιάν
1356 630 1481 672 idem.
1555 625 1671 682 Verfi
1698 631 1739 678 8.

394 695 549 748 λόγους.
582 692 712 748 λόγοις
732 698 856 739 idem.
916 696 1032 753 Verss
1050 709 1092 754 9.
1121 696 1384 755 Βραχύλλην.
1413 695 1693 757 Βραχύληνὴ.
1713 699 1741 743 l.

395 771 522 812 idem.
580 769 644 811 De
666 784 712 813 re
731 770 895 812 monuit
920 782 1177 828 Rmsmvs,
1205 772 1465 828 Zeuxippum
1492 773 1542 832 ab
1567 763 1620 815 eo
1643 771 1742 813 faci-

393 855 498 883 nore
528 842 661 898 patria
703 839 894 883 coactum
928 842 1159 898 aufugere,
1206 845 1256 886 ad
1286 839 1565 886 Romanos'se
1596 850 1742 886 contu-

396 912 504 963 liffe,
538 914 668 977 Aquod
707 913 838 970 ipsum
877 913 1004 957 docet
1050 915 1195 972 Polyb.
1237 915 1396 964 XXIII.
1426 927 1465 959 2.
1512 914 1615 961 adde
1652 911 1744 957 Liv‘.

399 983 605 1028 XXXIII.
627 988 695 1037 28.

195 1066 295 1110 Vers-
317 1075 373 1107 ¹¹·
487 1069 605 1128 Verjs.
641 1084 703 1114 11.
743 1067 1016 1130 Ἀλεέαμενῷ.
1045 1096 1104 1105 --
1171 1070 1470 1130 ,,Ἀλεὲοιμενῷ
1503 1073 1742 1130 legendum,

402 1156 501 1186 cum
519 1158 570 1186 ex
597 1145 716 1187 Livio
744 1143 930 1189 XXXV.
951 1156 1018 1201 34.
1045 1153 1133 1188 tum
1153 1161 1205 1188 ex
1227 1147 1428 1203 analogia.
1486 1144 1546 1189 Vt
1563 1144 1744 1197 Δεξαμε-

401 1210 479 1262 nbc,
508 1223 665 1259 mutato
685 1224 875 1269 accentu,
906 1232 930 1260 e
950 1219 1168 1275 participio
1186 1217 1235 1262 fit
1255 1232 1411 1262 nomen
1426 1218 1657 1275 proprium,
1681 1217 1745 1263 ita

402 1282 724 1339 'Aksfoeuevo'cst‘
791 1301 1048 1333 REISKIVS.

203 1375 297 1417 vert
318 1385 333 1412 ι
339 1383 373 1424 3
492 1372 603 1428 Vers
630 1369 864 1429 13.Ov‘‹5eu;
885 1371 962 1431 vaip
982 1367 1106 1424 οὕτως
1125 1373 1212 1420 οὐδὲ
1231 1372 1385 1433 μάρτυς
1402 1375 1486 1420 &c.
1546 1375 1611 1419 Ad
1627 1388 1744 1419 oram

406 1446 567 1488 codicis
587 1445 800 1491 Vrbinatis
819 1447 912 1490 haec
941 1447 1184 1493 sententiola
1202 1449 1348 1505 scrIpta
1373 1448 1444 1492 est
1461 1464 1514 1492 eo
1537 1450 1646 1496 loco,
1673 1445 1746 1490 ubi

328 1560 330 1562 .
405 1515 551 1561 definit
569 1532 657 1574 cap.
681 1532 747 1573 30.
784 1519 1091 1576 Excerptorum
1113 1521 1389 1577 Antiquorum
1412 1534 1462 1563 ex
1480 1521 1586 1564 fibro
1606 1518 1745 1565 XVII.

406 1590 547 1652 (nobiS
566 1589 729 1633 XVIII.
752 1591 846 1646 23.)
866 1590 910 1634 &
933 1592 1001 1635 ubi
1021 1592 1165 1647 incipit
1188 1599 1311 1648 caput
1332 1605 1398 1647 31.
1426 1592 1565 1648 [nobiS
1589 1589 1748 1635 XVIII.

404 1662 499 1717 33.]
528 1662 591 1704 Ac
621 1662 766 1706 seriem
791 1677 930 1706 rerum
960 1665 1002 1705 in
1034 1664 1138 1709 Livii
1166 1664 1271 1708 libro
1299 1663 1496 1712 XXXIII.
1519 1662 1550 1708 fi
1574 1661 1744 1720 spectes,

406 1733 632 1790 intelliges,
650 1749 792 1779 revera
814 1749 867 1777 ex
885 1737 1028 1778 eadem
1047 1737 1280 1778 narratione
1301 1735 1382 1787 effe
1401 1737 1642 1792 decerptum
1656 1734 1746 1784 »hoc
1771 1734 1778 1736 ”

407 1805 714 1861 fragmentum,
748 1820 842 1862 quae
862 1807 1054 1850 inchoata
1080 1807 1138 1850 est
1165 1804 1208 1849 in
1236 1821 1285 1851 ea
1310 1806 1494 1863 Ecloga,
1524 1819 1647 1863 quam
1663 1805 1745 1849 hoc

409 1877 549 1933 capite
590 1878 863 1920 exhibuimus.
903 1869 906 1873 ¹
935 1877 1045 1920 Ecce
1078 1879 1185 1921 Livii
1213 1879 1358 1930 verba,
1401 1877 1624 1930 (XXXIII.
1653 1877 1747 1937 28.)

409 1962 465 1991 ex
484 1948 659 2005 Polybio
689 1949 895 2005 expreffa:
938 1949 1183 2006 Zeuxippus
1201 1976 1214 1985 -
1234 1977 1250 1985 -
1285 1949 1392 1994 nost'e
1408 1949 1593 2006 perfugit
1617 1948 1748 1993 Tana·

406 2034 550 2076 gram,
568 2019 693 2076 suam
720 2023 857 2078 magis
874 2020 1160 2077 conscientiam,
1189 2036 1309 2078 quam
1329 2023 1517 2069 indicium
1536 2021 1751 2071 nominum,

410 2094 557 2135 nullius
580 2095 641 2137 rei
664 2092 917 2149 consciorum,
946 2100 1136 2137 metuens.
1192 2081 1402 2136 Eamdem‘
1418 2106 1600 2149 gnomen
1628 2091 1752 2135 habet
1775 2091 1780 2103 ⁴

408 2166 538 2208 'etiam
564 2167 656 2208 cod.
686 2166 791 2220 Reg.
818 2166 870 2209 D.
901 2175 948 2208 ut
977 2167 1212 2208 monuimus
1239 2167 1281 2208 in
1308 2165 1471 2208 Praefat.
1493 2164 1546 2207 T.
1564 2162 1618 2207 Π.
1645 2177 1686 2220 p.
1707 2173 1749 2219 9.

401 2233 678 2281 Vocabulum
717 2233 873 2286 σύνεσις
919 2238 1030 2280 idem
1070 2238 1181 2280 valet
1224 2252 1272 2279 ac
1308 2231 1526 2293 συείδησιο,
1570 2242 1618 2278 ut
1644 2235 1751 2290 apud

411 2308 599 2365 Euripid.
638 2311 682 2352 in
708 2309 879 2358 Oreste
894 2310 949 2354 vs.
979 2313 1074 2365 387.
1104 2308 1149 2353 &
1175 2310 1283 2365 apud
1324 2307 1548 2353 Herodian.
1596 2292 1752 2359 Hister.
1770 2343 1774 2350 .

384 2379 492 2425 IV.
516 2393 565 2437 7,
608 2393 647 2426 1.

228 2502 379 2586 'gg-n
400 2533 406 2539 -
742 2506 823 2551 C
851 2508 891 2552 A
921 2508 953 2551 P
983 2506 1026 2554 V
1058 2507 1100 2552 T
1156 2504 1381 2552 XXVII.

398 2605 408 2615 ⁴
498 2602 810 2659 Argumentum
853 2601 976 2657 hujus
1020 2601 1194 2656 Eclogae
1234 2600 1470 2656 persecutus
1507 2596 1566 2642 est
1611 2595 1780 2668 Liviue¹

414 2672 615 2717 XXXIII.
645 2687 699 2729 27
728 2674 812 2730 sqq.
852 2673 1042 2716 Conferri
1070 2683 1209 2716 autem
1235 2678 1418 2713 meretur
1456 2668 1670 2725 Appianus
1699 2668 1751 2709 de
1775 2679 1779 2684 ·

401 2746 552 2790 ‘Rebus
602 2745 884 2790 Macedonicis
909 2744 1073 2804 Eclog.
1102 2757 1144 2800 7.
1190 2743 1317 2787 T.om
1346 2742 1381 2788 1.
1420 2740 1570 2794 nostrae
1610 2740 1676 2782 ed.
1714 2752 1755 2795 p.

413 2827 496 2872 512
516 2818 626 2876 seqq.
1623 2877 1629 2879 „
1771 2833 1780 2880 3.

587 2894 591 2898 .
1645 2891 1780 2966 Vnst}
