<?xml version="1.0" encoding="UTF-8"?>
<!DOCTYPE html PUBLIC "-//W3C//DTD XHTML 1.0 Transitional//EN"
    "http://www.w3.org/TR/xhtml1/DTD/xhtml1-transitional.dtd">
<html xmlns="http://www.w3.org/1999/xhtml" xml:lang="en" lang="en">
 <head>
  <title>
</title>
<meta http-equiv="Content-Type" content="text/html;charset=utf-8" />
  <meta name='ocr-system' content='tesseract 3.04.00' />
  <meta name='ocr-capabilities' content='ocr_page ocr_carea ocr_par ocr_line ocrx_word'/>
</head>
<body>
  <div class='ocr_page' id='page_1' title='image "./historiarumquidq07polyuoft_0655.png"; bbox 0 0 1780 3268; ppageno 0'>
   <div class='ocr_carea' id='block_1_1' title="bbox 117 223 1686 403">
    <p class='ocr_par' dir='ltr' id='par_1_1' title="bbox 117 223 1686 403">
     <span class='ocr_line' id='line_1_1' title="bbox 451 223 1474 283; baseline -0.008 -6"><span class='ocrx_word' id='word_1_1' title='bbox 451 247 529 278; x_wconf 70' lang='lat' dir='ltr'>An</span> <span class='ocrx_word' id='word_1_2' title='bbox 560 245 769 276; x_wconf 67' lang='lat' dir='ltr'>romtn.</span> <span class='ocrx_word' id='word_1_3' title='bbox 797 227 994 275; x_wconf 75' lang='lat' dir='ltr'>xxvnt.</span> <span class='ocrx_word' id='word_1_4' title='bbox 1025 226 1064 283; x_wconf 71' lang='grc' dir='ltr'>ς’.</span> <span class='ocrx_word' id='word_1_5' title='bbox 1091 224 1135 272; x_wconf 85' lang='grc' dir='ltr'>δ.</span> <span class='ocrx_word' id='word_1_6' title='bbox 1392 223 1474 270; x_wconf 74' lang='lat'>621</span> 
     </span>
     <span class='ocr_line' id='line_1_2' title="bbox 1493 303 1686 337; baseline 0.005 -1"><span class='ocrx_word' id='word_1_7' title='bbox 1493 303 1686 337; x_wconf 42' lang='lat' dir='ltr'>Q</span> 
     </span>
     <span class='ocr_line' id='line_1_3' title="bbox 117 342 1475 403; baseline -0.007 -8"><span class='ocrx_word' id='word_1_8' title='bbox 117 353 238 395; x_wconf 86' lang='lat' dir='ltr'>ratio.</span> <span class='ocrx_word' id='word_1_9' title='bbox 297 350 586 399; x_wconf 80' lang='lat' dir='ltr'>Casaubonus,</span> <span class='ocrx_word' id='word_1_10' title='bbox 611 343 882 403; x_wconf 77' lang='grc' dir='ltr'><strong><em>βουλομένους</em></strong></span> <span class='ocrx_word' id='word_1_11' title='bbox 903 352 1073 397; x_wconf 83' lang='lat' dir='ltr'>tenens,</span> <span class='ocrx_word' id='word_1_12' title='bbox 1100 342 1229 389; x_wconf 78' lang='lat' dir='ltr'>vertit</span> <span class='ocrx_word' id='word_1_13' title='bbox 1250 354 1280 387; x_wconf 77' lang='lat' dir='ltr'><em>a</em></span> <span class='ocrx_word' id='word_1_14' title='bbox 1297 343 1475 400; x_wconf 76' lang='lat' dir='ltr'>populis,</span> 
     </span>
    </p>
   </div>
   <div class='ocr_carea' id='block_1_2' title="bbox 117 415 1105 554">
    <p class='ocr_par' dir='ltr' id='par_1_2' title="bbox 117 415 1105 554">
     <span class='ocr_line' id='line_1_4' title="bbox 117 415 1003 483; baseline -0.009 -16"><span class='ocrx_word' id='word_1_15' title='bbox 117 425 190 483; x_wconf 78' lang='lat' dir='ltr'>qui</span> <span class='ocrx_word' id='word_1_16' title='bbox 204 421 378 481; x_wconf 76' lang='lat' dir='ltr'>finatus</span> <span class='ocrx_word' id='word_1_17' title='bbox 406 422 651 479; x_wconf 80' lang='lat' dir='ltr'>propofitum</span> <span class='ocrx_word' id='word_1_18' title='bbox 659 418 779 477; x_wconf 72' lang='lat' dir='ltr'>stqui</span> <span class='ocrx_word' id='word_1_19' title='bbox 804 415 1003 461; x_wconf 75' lang='lat' dir='ltr'>volebant.</span> 
     </span>
     <span class='ocr_line' id='line_1_5' title="bbox 199 487 1105 554; baseline -0.007 -15"><span class='ocrx_word' id='word_1_20' title='bbox 199 495 306 540; x_wconf 76' lang='lat' dir='ltr'>Ibid.</span> <span class='ocrx_word' id='word_1_21' title='bbox 335 490 507 554; x_wconf 74' lang='grc' dir='ltr'><strong><em>οἰπῆραν.</em></strong></span> <span class='ocrx_word' id='word_1_22' title='bbox 566 491 761 537; x_wconf 87' lang='lat' dir='ltr'>Mendose</span> <span class='ocrx_word' id='word_1_23' title='bbox 780 487 947 546; x_wconf 76' lang='grc' dir='ltr'><strong><em>οἷπὲἷραν</em></strong></span> <span class='ocrx_word' id='word_1_24' title='bbox 966 489 1066 534; x_wconf 75' lang='lat' dir='ltr'><strong>Bav·</strong></span> <span class='ocrx_word' id='word_1_25' title='bbox 1102 515 1105 516; x_wconf 28' lang='grc' dir='ltr'><em>ν</em></span> 
     </span>
    </p>
   </div>
   <div class='ocr_carea' id='block_1_3' title="bbox 576 606 1687 666">
    <p class='ocr_par' dir='ltr' id='par_1_3' title="bbox 576 606 1687 666">
     <span class='ocr_line' id='line_1_6' title="bbox 576 606 1687 666; baseline -0.009 -1"><span class='ocrx_word' id='word_1_26' title='bbox 576 621 611 665; x_wconf 89' lang='lat' dir='ltr'>C</span> <span class='ocrx_word' id='word_1_27' title='bbox 641 621 678 664; x_wconf 93' lang='lat' dir='ltr'>A</span> <span class='ocrx_word' id='word_1_28' title='bbox 706 620 737 663; x_wconf 95' lang='lat' dir='ltr'>P</span> <span class='ocrx_word' id='word_1_29' title='bbox 767 619 811 666; x_wconf 94' lang='lat' dir='ltr'>V</span> <span class='ocrx_word' id='word_1_30' title='bbox 839 619 880 664; x_wconf 95' lang='lat' dir='ltr'>T</span> <span class='ocrx_word' id='word_1_31' title='bbox 939 617 1023 664; x_wconf 85' lang='lat' dir='ltr'>VI.</span> <span class='ocrx_word' id='word_1_32' title='bbox 1512 606 1687 656; x_wconf 77' lang='lat' dir='ltr'>Cap.v1.</span> 
     </span>
    </p>
   </div>
   <div class='ocr_carea' id='block_1_4' title="bbox 0 685 1675 2994">
    <p class='ocr_par' dir='ltr' id='par_1_4' title="bbox 0 685 1675 2994">
     <span class='ocr_line' id='line_1_7' title="bbox 216 685 1666 767; baseline -0.008 -13"><span class='ocrx_word' id='word_1_33' title='bbox 216 707 329 767; x_wconf 84' lang='lat' dir='ltr'>Vers.</span> <span class='ocrx_word' id='word_1_34' title='bbox 356 723 391 754; x_wconf 85' lang='lat'>1.</span> <span class='ocrx_word' id='word_1_35' title='bbox 408 703 561 760; x_wconf 71' lang='grc' dir='ltr'><em>’Έδοὲε</em></span> <span class='ocrx_word' id='word_1_36' title='bbox 581 709 663 755; x_wconf 69' lang='grc' dir='ltr'><strong><em>τοῖς</em></strong></span> <span class='ocrx_word' id='word_1_37' title='bbox 678 695 855 762; x_wconf 57' lang='grc' dir='ltr'>’Ἕλλησι</span> <span class='ocrx_word' id='word_1_38' title='bbox 884 705 966 750; x_wconf 86' lang='lat' dir='ltr'>&amp;c.</span> <span class='ocrx_word' id='word_1_39' title='bbox 1023 704 1134 751; x_wconf 87' lang='lat' dir='ltr'>Vide</span> <span class='ocrx_word' id='word_1_40' title='bbox 1160 708 1303 746; x_wconf 83' lang='lat' dir='ltr'>notata</span> <span class='ocrx_word' id='word_1_41' title='bbox 1320 701 1371 745; x_wconf 85' lang='lat' dir='ltr'>ad</span> <span class='ocrx_word' id='word_1_42' title='bbox 1389 715 1479 758; x_wconf 84' lang='lat' dir='ltr'>cap.</span> <span class='ocrx_word' id='word_1_43' title='bbox 1519 685 1616 724; x_wconf 84' lang='lat' dir='ltr'>Vers.</span> <span class='ocrx_word' id='word_1_44' title='bbox 1632 694 1666 724; x_wconf 87' lang='lat'>¹·</span> 
     </span>
     <span class='ocr_line' id='line_1_8' title="bbox 129 772 1482 838; baseline -0.007 -12"><span class='ocrx_word' id='word_1_45' title='bbox 129 793 179 838; x_wconf 81' lang='grc' dir='ltr'>ς,</span> <span class='ocrx_word' id='word_1_46' title='bbox 209 795 244 826; x_wconf 80' lang='lat'>1.</span> <span class='ocrx_word' id='word_1_47' title='bbox 287 782 354 825; x_wconf 90' lang='lat' dir='ltr'>De</span> <span class='ocrx_word' id='word_1_48' title='bbox 374 783 524 823; x_wconf 88' lang='lat' dir='ltr'>vocab.</span> <span class='ocrx_word' id='word_1_49' title='bbox 538 772 715 834; x_wconf 58' lang='grc' dir='ltr'>’Ἕλλησι</span> <span class='ocrx_word' id='word_1_50' title='bbox 734 772 898 822; x_wconf 76' lang='lat' dir='ltr'>monuit</span> <span class='ocrx_word' id='word_1_51' title='bbox 916 790 1185 828; x_wconf 71' lang='lat' dir='ltr'>nmmuvs,</span> <span class='ocrx_word' id='word_1_52' title='bbox 1224 775 1362 817; x_wconf 86' lang='lat' dir='ltr'>minus</span> <span class='ocrx_word' id='word_1_53' title='bbox 1381 774 1482 817; x_wconf 91' lang='lat' dir='ltr'>illud</span> 
     </span>
     <span class='ocr_line' id='line_1_9' title="bbox 126 839 1483 909; baseline -0.007 -11"><span class='ocrx_word' id='word_1_54' title='bbox 126 855 200 898; x_wconf 87' lang='lat' dir='ltr'>fibi</span> <span class='ocrx_word' id='word_1_55' title='bbox 226 855 268 896; x_wconf 87' lang='lat' dir='ltr'>h.</span> <span class='ocrx_word' id='word_1_56' title='bbox 286 855 312 897; x_wconf 86' lang='lat' dir='ltr'>l.</span> <span class='ocrx_word' id='word_1_57' title='bbox 337 854 518 909; x_wconf 83' lang='lat' dir='ltr'>placere.</span> <span class='ocrx_word' id='word_1_58' title='bbox 546 881 554 888; x_wconf 90' lang='lat'>-</span> <span class='ocrx_word' id='word_1_59' title='bbox 587 849 634 894; x_wconf 87' lang='lat' dir='ltr'>Si</span> <span class='ocrx_word' id='word_1_60' title='bbox 655 853 758 898; x_wconf 85' lang='lat' dir='ltr'>bene</span> <span class='ocrx_word' id='word_1_61' title='bbox 784 852 932 902; x_wconf 78' lang='lat' dir='ltr'>habet,</span> <span class='ocrx_word' id='word_1_62' title='bbox 971 848 1155 905; x_wconf 85' lang='lat' dir='ltr'>(inquit)</span> <span class='ocrx_word' id='word_1_63' title='bbox 1175 848 1266 891; x_wconf 88' lang='lat' dir='ltr'>sunt</span> <span class='ocrx_word' id='word_1_64' title='bbox 1282 839 1483 903; x_wconf 55' lang='grc' dir='ltr'>τΈλληνες</span> 
     </span>
     <span class='ocr_line' id='line_1_10' title="bbox 123 920 1483 976; baseline -0.006 -6"><span class='ocrx_word' id='word_1_65' title='bbox 123 928 196 971; x_wconf 87' lang='lat' dir='ltr'>hic</span> <span class='ocrx_word' id='word_1_66' title='bbox 211 924 310 969; x_wconf 71' lang='lat' dir='ltr'>disti</span> <span class='ocrx_word' id='word_1_67' title='bbox 336 926 464 971; x_wconf 88' lang='lat' dir='ltr'>iidem</span> <span class='ocrx_word' id='word_1_68' title='bbox 492 938 587 968; x_wconf 86' lang='lat' dir='ltr'>eum</span> <span class='ocrx_word' id='word_1_69' title='bbox 612 922 824 967; x_wconf 85' lang='lat' dir='ltr'>Achoeis.“</span> <span class='ocrx_word' id='word_1_70' title='bbox 855 944 914 953; x_wconf 90' lang='lat'>—-</span> <span class='ocrx_word' id='word_1_71' title='bbox 971 923 1039 965; x_wconf 92' lang='lat' dir='ltr'>Ac</span> <span class='ocrx_word' id='word_1_72' title='bbox 1065 921 1219 963; x_wconf 85' lang='lat' dir='ltr'>merito</span> <span class='ocrx_word' id='word_1_73' title='bbox 1250 921 1394 976; x_wconf 84' lang='lat' dir='ltr'>utique</span> <span class='ocrx_word' id='word_1_74' title='bbox 1422 920 1483 963; x_wconf 86' lang='lat' dir='ltr'>su-</span> 
     </span>
     <span class='ocr_line' id='line_1_11' title="bbox 125 994 1480 1054; baseline -0.006 -13"><span class='ocrx_word' id='word_1_75' title='bbox 125 997 262 1054; x_wconf 71' lang='lat' dir='ltr'>sptha</span> <span class='ocrx_word' id='word_1_76' title='bbox 283 998 354 1040; x_wconf 89' lang='lat' dir='ltr'>illa</span> <span class='ocrx_word' id='word_1_77' title='bbox 381 1012 462 1041; x_wconf 83' lang='lat' dir='ltr'>vox</span> <span class='ocrx_word' id='word_1_78' title='bbox 478 998 557 1042; x_wconf 90' lang='lat' dir='ltr'>h.l.</span> <span class='ocrx_word' id='word_1_79' title='bbox 590 995 817 1040; x_wconf 81' lang='lat' dir='ltr'>acutiffimo</span> <span class='ocrx_word' id='word_1_80' title='bbox 842 996 936 1037; x_wconf 89' lang='lat' dir='ltr'>viro</span> <span class='ocrx_word' id='word_1_81' title='bbox 963 994 1072 1037; x_wconf 83' lang='lat' dir='ltr'>fuit:</span> <span class='ocrx_word' id='word_1_82' title='bbox 1102 1007 1221 1047; x_wconf 85' lang='lat' dir='ltr'>nam,</span> <span class='ocrx_word' id='word_1_83' title='bbox 1254 1006 1361 1049; x_wconf 89' lang='lat' dir='ltr'>quos</span> <span class='ocrx_word' id='word_1_84' title='bbox 1379 1006 1480 1034; x_wconf 82' lang='lat' dir='ltr'>mox</span> 
     </span>
     <span class='ocr_line' id='line_1_12' title="bbox 124 1064 1479 1121; baseline -0.005 -8"><span class='ocrx_word' id='word_1_85' title='bbox 124 1072 334 1121; x_wconf 85' lang='lat' dir='ltr'>nominat,</span> <span class='ocrx_word' id='word_1_86' title='bbox 365 1082 512 1112; x_wconf 87' lang='lat' dir='ltr'>omnes</span> <span class='ocrx_word' id='word_1_87' title='bbox 533 1068 801 1119; x_wconf 81' lang='lat' dir='ltr'>Achaeisunt3</span> <span class='ocrx_word' id='word_1_88' title='bbox 833 1066 878 1111; x_wconf 75' lang='grc' dir='ltr'>δι</span> <span class='ocrx_word' id='word_1_89' title='bbox 903 1069 955 1110; x_wconf 86' lang='lat' dir='ltr'>de</span> <span class='ocrx_word' id='word_1_90' title='bbox 982 1065 1078 1108; x_wconf 83' lang='lat' dir='ltr'>solis</span> <span class='ocrx_word' id='word_1_91' title='bbox 1099 1064 1272 1108; x_wconf 85' lang='lat' dir='ltr'>Achaeis</span> <span class='ocrx_word' id='word_1_92' title='bbox 1298 1065 1479 1120; x_wconf 68' lang='lat' dir='ltr'>loquens</span> 
     </span>
     <span class='ocr_line' id='line_1_13' title="bbox 125 1132 1547 1200; baseline -0.007 -12"><span class='ocrx_word' id='word_1_93' title='bbox 125 1143 353 1200; x_wconf 81' lang='lat' dir='ltr'><strong>Polybius,</strong></span> <span class='ocrx_word' id='word_1_94' title='bbox 381 1153 605 1198; x_wconf 83' lang='lat' dir='ltr'>numquam</span> <span class='ocrx_word' id='word_1_95' title='bbox 632 1154 788 1184; x_wconf 88' lang='lat' dir='ltr'>nomen</span> <span class='ocrx_word' id='word_1_96' title='bbox 807 1132 1008 1195; x_wconf 56' lang='lat' dir='ltr'>‘&#39;EAqvec</span> <span class='ocrx_word' id='word_1_97' title='bbox 1037 1138 1214 1194; x_wconf 77' lang='lat' dir='ltr'><strong>usurpat.</strong></span> <span class='ocrx_word' id='word_1_98' title='bbox 1272 1137 1331 1180; x_wconf 81' lang='lat' dir='ltr'>At</span> <span class='ocrx_word' id='word_1_99' title='bbox 1363 1136 1484 1179; x_wconf 83' lang='lat' dir='ltr'>nimi·</span> <span class='ocrx_word' id='word_1_100' title='bbox 1544 1150 1547 1153; x_wconf 83' lang='lat'><strong>·</strong></span> 
     </span>
     <span class='ocr_line' id='line_1_14' title="bbox 129 1209 1481 1275; baseline -0.004 -17"><span class='ocrx_word' id='word_1_101' title='bbox 129 1229 222 1258; x_wconf 87' lang='lat' dir='ltr'>rum</span> <span class='ocrx_word' id='word_1_102' title='bbox 241 1216 298 1275; x_wconf 28' lang='lat' dir='ltr'>ad·</span> <span class='ocrx_word' id='word_1_103' title='bbox 311 1215 450 1270; x_wconf 89' lang='lat' dir='ltr'>plures</span> <span class='ocrx_word' id='word_1_104' title='bbox 462 1213 641 1257; x_wconf 84' lang='lat' dir='ltr'>Graeciae</span> <span class='ocrx_word' id='word_1_105' title='bbox 655 1214 833 1269; x_wconf 84' lang='lat' dir='ltr'>populos</span> <span class='ocrx_word' id='word_1_106' title='bbox 854 1212 923 1254; x_wconf 85' lang='lat' dir='ltr'>illa</span> <span class='ocrx_word' id='word_1_107' title='bbox 942 1211 1099 1266; x_wconf 82' lang='lat' dir='ltr'>legatio</span> <span class='ocrx_word' id='word_1_108' title='bbox 1118 1209 1232 1254; x_wconf 81' lang='lat' dir='ltr'>miffa</span> <span class='ocrx_word' id='word_1_109' title='bbox 1252 1219 1359 1255; x_wconf 83' lang='lat' dir='ltr'>erat:</span> <span class='ocrx_word' id='word_1_110' title='bbox 1379 1224 1481 1266; x_wconf 86' lang='lat' dir='ltr'>quo·</span> 
     </span>
     <span class='ocr_line' id='line_1_15' title="bbox 130 1283 1482 1342; baseline -0.004 -11"><span class='ocrx_word' id='word_1_111' title='bbox 130 1288 243 1331; x_wconf 83' lang='lat' dir='ltr'>circa</span> <span class='ocrx_word' id='word_1_112' title='bbox 253 1287 310 1329; x_wconf 87' lang='lat' dir='ltr'>nil</span> <span class='ocrx_word' id='word_1_113' title='bbox 327 1287 513 1342; x_wconf 86' lang='lat' dir='ltr'>impedit,</span> <span class='ocrx_word' id='word_1_114' title='bbox 543 1300 626 1342; x_wconf 89' lang='lat' dir='ltr'>quo</span> <span class='ocrx_word' id='word_1_115' title='bbox 644 1287 782 1330; x_wconf 87' lang='lat' dir='ltr'>minus</span> <span class='ocrx_word' id='word_1_116' title='bbox 794 1285 1026 1336; x_wconf 81' lang='lat' dir='ltr'>credamuS‚</span> <span class='ocrx_word' id='word_1_117' title='bbox 1050 1297 1160 1327; x_wconf 87' lang='lat' dir='ltr'>nunc</span> <span class='ocrx_word' id='word_1_118' title='bbox 1179 1283 1256 1327; x_wconf 90' lang='lat' dir='ltr'>isto</span> <span class='ocrx_word' id='word_1_119' title='bbox 1276 1283 1482 1334; x_wconf 76' lang='lat' dir='ltr'>vocabulo</span> 
     </span>
     <span class='ocr_line' id='line_1_16' title="bbox 128 1355 1482 1414; baseline -0.003 -11"><span class='ocrx_word' id='word_1_120' title='bbox 128 1360 246 1403; x_wconf 86' lang='lat' dir='ltr'>usum</span> <span class='ocrx_word' id='word_1_121' title='bbox 264 1358 381 1401; x_wconf 84' lang='lat' dir='ltr'>fuiffe</span> <span class='ocrx_word' id='word_1_122' title='bbox 401 1359 645 1414; x_wconf 82' lang='lat' dir='ltr'>Polybium3</span> <span class='ocrx_word' id='word_1_123' title='bbox 674 1358 740 1402; x_wconf 89' lang='lat' dir='ltr'>sed</span> <span class='ocrx_word' id='word_1_124' title='bbox 754 1389 767 1412; x_wconf 90' lang='lat'>,</span> <span class='ocrx_word' id='word_1_125' title='bbox 805 1357 835 1399; x_wconf 86' lang='lat' dir='ltr'><strong>fi</strong></span> <span class='ocrx_word' id='word_1_126' title='bbox 857 1357 899 1400; x_wconf 90' lang='lat' dir='ltr'>id</span> <span class='ocrx_word' id='word_1_127' title='bbox 922 1357 1022 1399; x_wconf 87' lang='lat' dir='ltr'>fecit</span> <span class='ocrx_word' id='word_1_128' title='bbox 1040 1356 1237 1412; x_wconf 84' lang='lat' dir='ltr'>scriptor,</span> <span class='ocrx_word' id='word_1_129' title='bbox 1252 1355 1378 1399; x_wconf 70' lang='lat' dir='ltr'>haud</span> <span class='ocrx_word' id='word_1_130' title='bbox 1399 1357 1482 1406; x_wconf 71' lang='lat' dir='ltr'>ssdu-</span> 
     </span>
     <span class='ocr_line' id='line_1_17' title="bbox 127 1427 1483 1490; baseline -0.003 -15"><span class='ocrx_word' id='word_1_131' title='bbox 127 1431 196 1475; x_wconf 87' lang='lat' dir='ltr'>bie</span> <span class='ocrx_word' id='word_1_132' title='bbox 218 1431 308 1487; x_wconf 89' lang='lat' dir='ltr'>post</span> <span class='ocrx_word' id='word_1_133' title='bbox 323 1430 498 1486; x_wconf 87' lang='lat' dir='ltr'><strong>primam</strong></span> <span class='ocrx_word' id='word_1_134' title='bbox 520 1429 678 1486; x_wconf 82' lang='lat' dir='ltr'>phrafin</span> <span class='ocrx_word' id='word_1_135' title='bbox 698 1428 958 1486; x_wconf 84' lang='lat' dir='ltr'>praetermifit</span> <span class='ocrx_word' id='word_1_136' title='bbox 978 1427 1210 1486; x_wconf 82' lang='lat' dir='ltr'>Excerptor</span> <span class='ocrx_word' id='word_1_137' title='bbox 1235 1429 1359 1490; x_wconf 14' lang='lat' dir='ltr'>vse‘rba</span> <span class='ocrx_word' id='word_1_138' title='bbox 1378 1440 1483 1471; x_wconf 88' lang='lat' dir='ltr'>non-</span> 
     </span>
     <span class='ocr_line' id='line_1_18' title="bbox 129 1490 1484 1558; baseline -0.004 -11"><span class='ocrx_word' id='word_1_139' title='bbox 129 1504 263 1556; x_wconf 82' lang='lat' dir='ltr'>nulla,</span> <span class='ocrx_word' id='word_1_140' title='bbox 299 1504 342 1545; x_wconf 90' lang='lat' dir='ltr'>in</span> <span class='ocrx_word' id='word_1_141' title='bbox 368 1504 516 1558; x_wconf 85' lang='lat' dir='ltr'>quibus</span> <span class='ocrx_word' id='word_1_142' title='bbox 546 1503 613 1546; x_wconf 84' lang='lat' dir='ltr'>vel</span> <span class='ocrx_word' id='word_1_143' title='bbox 640 1500 783 1545; x_wconf 77' lang='lat' dir='ltr'>Achoei</span> <span class='ocrx_word' id='word_1_144' title='bbox 810 1490 1016 1558; x_wconf 80' lang='lat' dir='ltr'>figiilatim</span> <span class='ocrx_word' id='word_1_145' title='bbox 1042 1496 1383 1552; x_wconf 65' lang='lat' dir='ltr'>nominabantur,</span> <span class='ocrx_word' id='word_1_146' title='bbox 1412 1498 1484 1542; x_wconf 89' lang='lat' dir='ltr'>vel</span> 
     </span>
     <span class='ocr_line' id='line_1_19' title="bbox 131 1565 1482 1632; baseline -0.004 -13"><span class='ocrx_word' id='word_1_147' title='bbox 131 1576 274 1619; x_wconf 84' lang='lat' dir='ltr'>saltem</span> <span class='ocrx_word' id='word_1_148' title='bbox 302 1576 345 1618; x_wconf 81' lang='grc' dir='ltr'><strong><em>οἱ</em></strong></span> <span class='ocrx_word' id='word_1_149' title='bbox 372 1574 465 1632; x_wconf 73' lang='grc' dir='ltr'>περὶ</span> <span class='ocrx_word' id='word_1_150' title='bbox 484 1569 714 1630; x_wconf 76' lang='grc' dir='ltr'>Λυκόρταν,</span> <span class='ocrx_word' id='word_1_151' title='bbox 747 1574 945 1627; x_wconf 82' lang='lat' dir='ltr'><em>Lycortas</em></span> <span class='ocrx_word' id='word_1_152' title='bbox 966 1565 1010 1616; x_wconf 84' lang='lat'>&amp;</span> <span class='ocrx_word' id='word_1_153' title='bbox 1023 1571 1243 1627; x_wconf 76' lang='lat' dir='ltr'>Polybius.-</span> <span class='ocrx_word' id='word_1_154' title='bbox 1266 1587 1360 1614; x_wconf 86' lang='lat' dir='ltr'>nam</span> <span class='ocrx_word' id='word_1_155' title='bbox 1381 1586 1482 1615; x_wconf 83' lang='lat' dir='ltr'>mox</span> 
     </span>
     <span class='ocr_line' id='line_1_20' title="bbox 131 1643 1480 1704; baseline -0.003 -12"><span class='ocrx_word' id='word_1_156' title='bbox 131 1649 337 1704; x_wconf 86' lang='lat' dir='ltr'><strong>Lycortas</strong></span> <span class='ocrx_word' id='word_1_157' title='bbox 358 1648 516 1703; x_wconf 85' lang='lat' dir='ltr'>primus</span> <span class='ocrx_word' id='word_1_158' title='bbox 536 1648 660 1689; x_wconf 86' lang='lat' dir='ltr'>verba</span> <span class='ocrx_word' id='word_1_159' title='bbox 677 1647 834 1690; x_wconf 84' lang='lat' dir='ltr'>faciens</span> <span class='ocrx_word' id='word_1_160' title='bbox 854 1646 1075 1688; x_wconf 82' lang='lat' dir='ltr'>inducitur.</span> <span class='ocrx_word' id='word_1_161' title='bbox 1119 1643 1174 1687; x_wconf 84' lang='lat' dir='ltr'>Et</span> <span class='ocrx_word' id='word_1_162' title='bbox 1193 1645 1365 1687; x_wconf 88' lang='lat' dir='ltr'>omnino</span> <span class='ocrx_word' id='word_1_163' title='bbox 1385 1644 1480 1688; x_wconf 77' lang='lat' dir='ltr'>haec</span> 
     </span>
     <span class='ocr_line' id='line_1_21' title="bbox 130 1716 1483 1774; baseline -0.002 -10"><span class='ocrx_word' id='word_1_164' title='bbox 130 1719 375 1764; x_wconf 82' lang='lat' dir='ltr'>deliberatio</span> <span class='ocrx_word' id='word_1_165' title='bbox 403 1718 563 1762; x_wconf 89' lang='lat' dir='ltr'>nonnifi</span> <span class='ocrx_word' id='word_1_166' title='bbox 592 1720 787 1774; x_wconf 82' lang='lat' dir='ltr'>privatim</span> <span class='ocrx_word' id='word_1_167' title='bbox 822 1719 934 1761; x_wconf 89' lang='lat' dir='ltr'>inter</span> <span class='ocrx_word' id='word_1_168' title='bbox 962 1716 1187 1759; x_wconf 86' lang='lat' dir='ltr'>nonnullos</span> <span class='ocrx_word' id='word_1_169' title='bbox 1224 1717 1483 1762; x_wconf 83' lang='lat' dir='ltr'>Achaeorum</span> 
     </span>
     <span class='ocr_line' id='line_1_22' title="bbox 130 1789 1485 1850; baseline -0.002 -16"><span class='ocrx_word' id='word_1_170' title='bbox 130 1793 340 1850; x_wconf 85' lang='lat' dir='ltr'>principes</span> <span class='ocrx_word' id='word_1_171' title='bbox 369 1792 550 1845; x_wconf 79' lang='lat' dir='ltr'>instituta</span> <span class='ocrx_word' id='word_1_172' title='bbox 581 1791 651 1834; x_wconf 90' lang='lat' dir='ltr'>est.</span> <span class='ocrx_word' id='word_1_173' title='bbox 687 1792 825 1845; x_wconf 87' lang='lat' dir='ltr'>(conf.</span> <span class='ocrx_word' id='word_1_174' title='bbox 855 1790 965 1834; x_wconf 81' lang='lat' dir='ltr'>Adn.</span> <span class='ocrx_word' id='word_1_175' title='bbox 993 1791 1045 1832; x_wconf 79' lang='lat' dir='ltr'>ad</span> <span class='ocrx_word' id='word_1_176' title='bbox 1077 1790 1261 1845; x_wconf 81' lang='lat' dir='ltr'>vers.9.)</span> <span class='ocrx_word' id='word_1_177' title='bbox 1335 1789 1485 1845; x_wconf 86' lang='lat' dir='ltr'>Itaque</span> 
     </span>
     <span class='ocr_line' id='line_1_23' title="bbox 133 1850 1485 1920; baseline -0.003 -13"><span class='ocrx_word' id='word_1_178' title='bbox 133 1865 261 1908; x_wconf 87' lang='lat' dir='ltr'>verba</span> <span class='ocrx_word' id='word_1_179' title='bbox 278 1864 371 1917; x_wconf 89' lang='lat' dir='ltr'>illa,</span> <span class='ocrx_word' id='word_1_180' title='bbox 376 1856 378 1858; x_wconf 39' lang='lat'>¹</span> <span class='ocrx_word' id='word_1_181' title='bbox 399 1877 493 1919; x_wconf 86' lang='lat' dir='ltr'>quae</span> <span class='ocrx_word' id='word_1_182' title='bbox 513 1856 612 1906; x_wconf 79' lang='lat' dir='ltr'>mox</span> <span class='ocrx_word' id='word_1_183' title='bbox 629 1863 875 1920; x_wconf 89' lang='lat' dir='ltr'>sequuntur,</span> <span class='ocrx_word' id='word_1_184' title='bbox 911 1857 1237 1918; x_wconf 78' lang='grc' dir='ltr'><strong><em>Παραλαβόντες</em></strong></span> <span class='ocrx_word' id='word_1_185' title='bbox 1267 1850 1335 1904; x_wconf 70' lang='grc' dir='ltr'>οῧν</span> <span class='ocrx_word' id='word_1_186' title='bbox 1355 1862 1485 1904; x_wconf 79' lang='lat' dir='ltr'>relata</span> 
     </span>
     <span class='ocr_line' id='line_1_24' title="bbox 131 1929 1485 1992; baseline -0.003 -12"><span class='ocrx_word' id='word_1_187' title='bbox 131 1936 215 1981; x_wconf 84' lang='lat' dir='ltr'>effe</span> <span class='ocrx_word' id='word_1_188' title='bbox 236 1953 260 1979; x_wconf 77' lang='lat' dir='ltr'><strong>a</strong></span> <span class='ocrx_word' id='word_1_189' title='bbox 277 1936 456 1992; x_wconf 83' lang='lat' dir='ltr'>Polybio</span> <span class='ocrx_word' id='word_1_190' title='bbox 475 1936 721 1992; x_wconf 85' lang='lat' dir='ltr'>suspicamur</span> <span class='ocrx_word' id='word_1_191' title='bbox 743 1938 793 1979; x_wconf 86' lang='lat' dir='ltr'>ad</span> <span class='ocrx_word' id='word_1_192' title='bbox 811 1936 935 1978; x_wconf 80' lang='lat' dir='ltr'>verba</span> <span class='ocrx_word' id='word_1_193' title='bbox 953 1935 996 1978; x_wconf 75' lang='grc' dir='ltr'><strong><em>οἶ</em></strong></span> <span class='ocrx_word' id='word_1_194' title='bbox 1005 1934 1098 1991; x_wconf 74' lang='grc' dir='ltr'>περ)</span> <span class='ocrx_word' id='word_1_195' title='bbox 1118 1929 1357 1991; x_wconf 72' lang='grc' dir='ltr'><strong>Λυκόρταν,</strong></span> <span class='ocrx_word' id='word_1_196' title='bbox 1388 1944 1485 1990; x_wconf 82' lang='lat' dir='ltr'>quae</span> 
     </span>
     <span class='ocr_line' id='line_1_25' title="bbox 0 2005 1485 2095; baseline -0.001 -44"><span class='ocrx_word' id='word_1_197' title='bbox 0 2019 3 2095; x_wconf 67' lang='grc'><strong>,</strong></span> <span class='ocrx_word' id='word_1_198' title='bbox 133 2009 228 2051; x_wconf 83' lang='lat' dir='ltr'>cum</span> <span class='ocrx_word' id='word_1_199' title='bbox 247 2008 431 2065; x_wconf 88' lang='lat' dir='ltr'>pluribus</span> <span class='ocrx_word' id='word_1_200' title='bbox 445 2007 535 2051; x_wconf 81' lang='lat' dir='ltr'>aliis</span> <span class='ocrx_word' id='word_1_201' title='bbox 553 2008 621 2050; x_wconf 78' lang='lat' dir='ltr'>hic</span> <span class='ocrx_word' id='word_1_202' title='bbox 633 2007 892 2064; x_wconf 85' lang='lat' dir='ltr'>praetermifit</span> <span class='ocrx_word' id='word_1_203' title='bbox 903 2008 1163 2064; x_wconf 82' lang='lat' dir='ltr'>compilator.</span> <span class='ocrx_word' id='word_1_204' title='bbox 1178 2005 1376 2050; x_wconf 85' lang='lat' dir='ltr'>Ceterum</span> <span class='ocrx_word' id='word_1_205' title='bbox 1387 2019 1485 2050; x_wconf 86' lang='lat' dir='ltr'>cum</span> 
     </span>
     <span class='ocr_line' id='line_1_26' title="bbox 0 2080 552 2134; baseline -0.004 -9"><span class='ocrx_word' id='word_1_206' title='bbox 0 2098 3 2130; x_wconf 60' lang='lat'><em>5</em></span> <span class='ocrx_word' id='word_1_207' title='bbox 131 2080 178 2128; x_wconf 88' lang='lat' dir='ltr'>h.</span> <span class='ocrx_word' id='word_1_208' title='bbox 187 2081 216 2123; x_wconf 90' lang='lat'>1.</span> <span class='ocrx_word' id='word_1_209' title='bbox 236 2080 381 2123; x_wconf 86' lang='lat' dir='ltr'>confer</span> <span class='ocrx_word' id='word_1_210' title='bbox 402 2095 440 2123; x_wconf 89' lang='lat' dir='ltr'>c.</span> <span class='ocrx_word' id='word_1_211' title='bbox 454 2093 493 2134; x_wconf 84' lang='lat'>3,</span> <span class='ocrx_word' id='word_1_212' title='bbox 512 2080 552 2123; x_wconf 90' lang='lat'>6.</span> 
     </span>
     <span class='ocr_line' id='line_1_27' title="bbox 0 2145 1675 2214; baseline 0.001 -18"><span class='ocrx_word' id='word_1_213' title='bbox 0 2145 4 2213; x_wconf 52' lang='grc' dir='ltr'><strong><em>ξ</em></strong></span> <span class='ocrx_word' id='word_1_214' title='bbox 221 2151 336 2208; x_wconf 78' lang='lat' dir='ltr'>Verfi</span> <span class='ocrx_word' id='word_1_215' title='bbox 357 2165 396 2196; x_wconf 84' lang='lat'>2.</span> <span class='ocrx_word' id='word_1_216' title='bbox 442 2149 725 2214; x_wconf 71' lang='grc' dir='ltr'><strong><em>Ἀρκεσίλαος,</em></strong></span> <span class='ocrx_word' id='word_1_217' title='bbox 772 2150 983 2208; x_wconf 79' lang='grc' dir='ltr'>Αρίστων,</span> <span class='ocrx_word' id='word_1_218' title='bbox 1029 2154 1487 2205; x_wconf 65' lang='grc' dir='ltr'><strong><em>Μεγαλοπολῖται.</em></strong></span> <span class='ocrx_word' id='word_1_219' title='bbox 1523 2155 1620 2197; x_wconf 84' lang='lat' dir='ltr'>Vers.</span> <span class='ocrx_word' id='word_1_220' title='bbox 1639 2167 1675 2198; x_wconf 65' lang='grc' dir='ltr'>α.</span> 
     </span>
     <span class='ocr_line' id='line_1_28' title="bbox 0 2219 1488 2326; baseline 0.002 -60"><span class='ocrx_word' id='word_1_221' title='bbox 0 2219 3 2326; x_wconf 64' lang='grc' dir='ltr'>Ι</span> <span class='ocrx_word' id='word_1_222' title='bbox 133 2223 240 2267; x_wconf 87' lang='lat' dir='ltr'>Cum</span> <span class='ocrx_word' id='word_1_223' title='bbox 250 2226 302 2267; x_wconf 84' lang='lat' dir='ltr'>&#39;m</span> <span class='ocrx_word' id='word_1_224' title='bbox 322 2225 515 2280; x_wconf 70' lang='lat' dir='ltr'>singulari</span> <span class='ocrx_word' id='word_1_225' title='bbox 527 2239 702 2269; x_wconf 88' lang='lat' dir='ltr'>numero</span> <span class='ocrx_word' id='word_1_226' title='bbox 712 2224 1049 2282; x_wconf 73' lang='grc' dir='ltr'><strong><em>Μεγαλοπολίτης</em></strong></span> <span class='ocrx_word' id='word_1_227' title='bbox 1065 2225 1323 2277; x_wconf 86' lang='lat' dir='ltr'>scriberetur,</span> <span class='ocrx_word' id='word_1_228' title='bbox 1342 2227 1394 2269; x_wconf 83' lang='lat' dir='ltr'>ad</span> <span class='ocrx_word' id='word_1_229' title='bbox 1410 2238 1488 2269; x_wconf 87' lang='lat' dir='ltr'>no-</span> 
     </span>
     <span class='ocr_line' id='line_1_29' title="bbox 0 2294 1487 2373; baseline 0.001 -34"><span class='ocrx_word' id='word_1_230' title='bbox 0 2331 3 2373; x_wconf 46' lang='grc' dir='ltr'>ι</span> <span class='ocrx_word' id='word_1_231' title='bbox 130 2310 230 2339; x_wconf 85' lang='lat' dir='ltr'>men</span> <span class='ocrx_word' id='word_1_232' title='bbox 250 2294 512 2353; x_wconf 77' lang='grc' dir='ltr'><strong><em>Ἀρκεσίλαος</em></strong></span> <span class='ocrx_word' id='word_1_233' title='bbox 531 2299 624 2341; x_wconf 87' lang='lat' dir='ltr'>haec</span> <span class='ocrx_word' id='word_1_234' title='bbox 644 2299 807 2342; x_wconf 86' lang='lat' dir='ltr'>monuit</span> <span class='ocrx_word' id='word_1_235' title='bbox 836 2311 1098 2344; x_wconf 72' lang='lat' dir='ltr'>musmvs:</span> <span class='ocrx_word' id='word_1_236' title='bbox 1129 2299 1248 2353; x_wconf 79' lang='lat' dir='ltr'>„Hic</span> <span class='ocrx_word' id='word_1_237' title='bbox 1268 2298 1382 2342; x_wconf 87' lang='lat' dir='ltr'>deest</span> <span class='ocrx_word' id='word_1_238' title='bbox 1410 2313 1487 2341; x_wconf 86' lang='lat' dir='ltr'>no-</span> 
     </span>
     <span class='ocr_line' id='line_1_30' title="bbox 0 2365 1486 2444; baseline 0.004 -34"><span class='ocrx_word' id='word_1_239' title='bbox 0 2374 3 2444; x_wconf 80' lang='grc' dir='ltr'>Ι</span> <span class='ocrx_word' id='word_1_240' title='bbox 132 2383 230 2411; x_wconf 87' lang='lat' dir='ltr'>men</span> <span class='ocrx_word' id='word_1_241' title='bbox 250 2371 422 2426; x_wconf 76' lang='lat' dir='ltr'>patriae,</span> <span class='ocrx_word' id='word_1_242' title='bbox 452 2372 563 2426; x_wconf 84' lang='lat' dir='ltr'>quod</span> <span class='ocrx_word' id='word_1_243' title='bbox 582 2372 682 2414; x_wconf 88' lang='lat' dir='ltr'>huic</span> <span class='ocrx_word' id='word_1_244' title='bbox 705 2384 874 2427; x_wconf 88' lang='lat' dir='ltr'>quoque</span> <span class='ocrx_word' id='word_1_245' title='bbox 890 2370 1125 2426; x_wconf 63' lang='lat' dir='ltr'>adjunctum</span> <span class='ocrx_word' id='word_1_246' title='bbox 1147 2371 1264 2415; x_wconf 83' lang='lat' dir='ltr'>fuiffe</span> <span class='ocrx_word' id='word_1_247' title='bbox 1285 2365 1486 2416; x_wconf 77' lang='lat' dir='ltr'>credibile</span> 
     </span>
     <span class='ocr_line' id='line_1_31' title="bbox 131 2441 1489 2498; baseline 0.003 -15"><span class='ocrx_word' id='word_1_248' title='bbox 131 2441 213 2492; x_wconf 83' lang='lat' dir='ltr'>est,</span> <span class='ocrx_word' id='word_1_249' title='bbox 263 2443 358 2498; x_wconf 81' lang='lat' dir='ltr'>quia</span> <span class='ocrx_word' id='word_1_250' title='bbox 391 2443 545 2485; x_wconf 82' lang='lat' dir='ltr'>ceteris</span> <span class='ocrx_word' id='word_1_251' title='bbox 577 2444 768 2485; x_wconf 83' lang='lat' dir='ltr'>omnibus</span> <span class='ocrx_word' id='word_1_252' title='bbox 806 2443 864 2487; x_wconf 83' lang='lat' dir='ltr'>est</span> <span class='ocrx_word' id='word_1_253' title='bbox 889 2442 972 2485; x_wconf 85' lang='lat' dir='ltr'>hoc</span> <span class='ocrx_word' id='word_1_254' title='bbox 1006 2444 1105 2485; x_wconf 89' lang='lat' dir='ltr'>loco</span> <span class='ocrx_word' id='word_1_255' title='bbox 1131 2443 1489 2487; x_wconf 80' lang='lat' dir='ltr'>commemoratis.</span> 
     </span>
     <span class='ocr_line' id='line_1_32' title="bbox 133 2502 1488 2572; baseline 0.002 -17"><span class='ocrx_word' id='word_1_256' title='bbox 133 2502 233 2556; x_wconf 78' lang='lat' dir='ltr'>Fuit</span> <span class='ocrx_word' id='word_1_257' title='bbox 244 2522 381 2557; x_wconf 85' lang='lat' dir='ltr'>autem</span> <span class='ocrx_word' id='word_1_258' title='bbox 398 2515 469 2557; x_wconf 91' lang='lat' dir='ltr'>ille</span> <span class='ocrx_word' id='word_1_259' title='bbox 482 2514 683 2558; x_wconf 78' lang='lat' dir='ltr'>Arcesilas</span> <span class='ocrx_word' id='word_1_260' title='bbox 692 2516 1000 2572; x_wconf 75' lang='lat' dir='ltr'>Megalopolim.</span> <span class='ocrx_word' id='word_1_261' title='bbox 1012 2516 1093 2559; x_wconf 90' lang='lat' dir='ltr'>vid.</span> <span class='ocrx_word' id='word_1_262' title='bbox 1105 2530 1147 2572; x_wconf 87' lang='lat' dir='ltr'>p.</span> <span class='ocrx_word' id='word_1_263' title='bbox 1167 2531 1179 2559; x_wconf 88' lang='grc' dir='ltr'>ι</span> <span class='ocrx_word' id='word_1_264' title='bbox 1190 2527 1286 2571; x_wconf 82' lang='lat'><em>273.</em></span> <span class='ocrx_word' id='word_1_265' title='bbox 1301 2514 1488 2572; x_wconf 85' lang='lat' dir='ltr'>[XXIX.</span> 
     </span>
     <span class='ocr_line' id='line_1_33' title="bbox 0 2581 1487 2644; baseline 0.002 -16"><span class='ocrx_word' id='word_1_266' title='bbox 0 2581 4 2639; x_wconf 61' lang='lat' dir='ltr'>J}</span> <span class='ocrx_word' id='word_1_267' title='bbox 138 2597 216 2638; x_wconf 76' lang='lat'>10,</span> <span class='ocrx_word' id='word_1_268' title='bbox 243 2585 314 2641; x_wconf 84' lang='grc'>6.]</span> <span class='ocrx_word' id='word_1_269' title='bbox 375 2587 514 2638; x_wconf 86' lang='lat' dir='ltr'>Quare</span> <span class='ocrx_word' id='word_1_270' title='bbox 543 2595 645 2642; x_wconf 85' lang='lat' dir='ltr'>puto</span> <span class='ocrx_word' id='word_1_271' title='bbox 664 2618 678 2640; x_wconf 90' lang='lat'>,</span> <span class='ocrx_word' id='word_1_272' title='bbox 719 2601 796 2643; x_wconf 88' lang='lat' dir='ltr'>pro</span> <span class='ocrx_word' id='word_1_273' title='bbox 833 2586 1170 2643; x_wconf 69' lang='grc' dir='ltr'><strong><em>Μεγαλοπολίτης</em></strong></span> <span class='ocrx_word' id='word_1_274' title='bbox 1210 2589 1252 2631; x_wconf 87' lang='lat' dir='ltr'>in</span> <span class='ocrx_word' id='word_1_275' title='bbox 1292 2588 1396 2644; x_wconf 85' lang='lat' dir='ltr'>fing.</span> <span class='ocrx_word' id='word_1_276' title='bbox 1428 2588 1487 2631; x_wconf 85' lang='lat' dir='ltr'>le-</span> 
     </span>
     <span class='ocr_line' id='line_1_34' title="bbox 133 2657 1487 2717; baseline 0.001 -19"><span class='ocrx_word' id='word_1_277' title='bbox 133 2659 320 2712; x_wconf 86' lang='lat' dir='ltr'>gendum</span> <span class='ocrx_word' id='word_1_278' title='bbox 340 2657 421 2701; x_wconf 79' lang='lat' dir='ltr'>efl&#39;e</span> <span class='ocrx_word' id='word_1_279' title='bbox 440 2658 773 2717; x_wconf 67' lang='grc' dir='ltr'><strong><em>Μεγαλοπολῖται]</em></strong></span> <span class='ocrx_word' id='word_1_280' title='bbox 803 2662 846 2703; x_wconf 78' lang='lat' dir='ltr'>iii</span> <span class='ocrx_word' id='word_1_281' title='bbox 872 2660 1064 2717; x_wconf 80' lang='lat' dir='ltr'>plurali.‘-‘</span> <span class='ocrx_word' id='word_1_282' title='bbox 1120 2661 1320 2704; x_wconf 86' lang='lat' dir='ltr'>Eamdem</span> <span class='ocrx_word' id='word_1_283' title='bbox 1344 2674 1487 2702; x_wconf 88' lang='lat' dir='ltr'>emen.</span> 
     </span>
     <span class='ocr_line' id='line_1_35' title="bbox 133 2726 1485 2788; baseline 0.003 -18"><span class='ocrx_word' id='word_1_284' title='bbox 133 2731 344 2771; x_wconf 83' lang='lat' dir='ltr'>dationem</span> <span class='ocrx_word' id='word_1_285' title='bbox 368 2732 418 2773; x_wconf 86' lang='lat' dir='ltr'>ad</span> <span class='ocrx_word' id='word_1_286' title='bbox 431 2745 547 2773; x_wconf 86' lang='lat' dir='ltr'>oram</span> <span class='ocrx_word' id='word_1_287' title='bbox 557 2733 648 2773; x_wconf 77' lang='lat' dir='ltr'>libri</span> <span class='ocrx_word' id='word_1_288' title='bbox 669 2726 1098 2788; x_wconf 73' lang='lat' dir='ltr'>suijamadno&#39;taverat</span> <span class='ocrx_word' id='word_1_289' title='bbox 1109 2733 1299 2777; x_wconf 90' lang='lat' dir='ltr'>Gronov.</span> <span class='ocrx_word' id='word_1_290' title='bbox 1312 2731 1485 2775; x_wconf 78' lang='lat' dir='ltr'>—Ibid.</span> 
     </span>
     <span class='ocr_line' id='line_1_36' title="bbox 132 2797 1488 2861; baseline 0.003 -19"><span class='ocrx_word' id='word_1_291' title='bbox 132 2797 345 2856; x_wconf 70' lang='grc' dir='ltr'><strong><em>Στράτιος.</em></strong></span> <span class='ocrx_word' id='word_1_292' title='bbox 378 2822 436 2833; x_wconf 89' lang='lat'>-—-</span> <span class='ocrx_word' id='word_1_293' title='bbox 494 2803 600 2856; x_wconf 84' lang='lat' dir='ltr'>„Sic</span> <span class='ocrx_word' id='word_1_294' title='bbox 631 2805 758 2847; x_wconf 82' lang='lat' dir='ltr'>etiam</span> <span class='ocrx_word' id='word_1_295' title='bbox 778 2805 884 2847; x_wconf 85' lang='lat' dir='ltr'>infra</span> <span class='ocrx_word' id='word_1_296' title='bbox 911 2817 1086 2861; x_wconf 81' lang='lat' dir='ltr'>p.1325.</span> <span class='ocrx_word' id='word_1_297' title='bbox 1106 2804 1311 2861; x_wconf 87' lang='lat' dir='ltr'>[XXXII.</span> <span class='ocrx_word' id='word_1_298' title='bbox 1328 2817 1379 2861; x_wconf 84' lang='lat'>7,</span> <span class='ocrx_word' id='word_1_299' title='bbox 1402 2802 1488 2861; x_wconf 77' lang='lat'>14]</span> 
     </span>
     <span class='ocr_line' id='line_1_37' title="bbox 129 2870 1487 2934; baseline 0.006 -20"><span class='ocrx_word' id='word_1_300' title='bbox 129 2871 198 2915; x_wconf 86' lang='lat' dir='ltr'>sed</span> <span class='ocrx_word' id='word_1_301' title='bbox 219 2874 342 2929; x_wconf 79' lang='lat' dir='ltr'>paulo</span> <span class='ocrx_word' id='word_1_302' title='bbox 361 2875 449 2930; x_wconf 87' lang='lat' dir='ltr'>post</span> <span class='ocrx_word' id='word_1_303' title='bbox 465 2872 587 2929; x_wconf 75' lang='lat' dir='ltr'>[vers.</span> <span class='ocrx_word' id='word_1_304' title='bbox 598 2874 660 2931; x_wconf 86' lang='lat'>6.]</span> <span class='ocrx_word' id='word_1_305' title='bbox 681 2870 878 2933; x_wconf 70' lang='grc' dir='ltr'>Στράτων</span> <span class='ocrx_word' id='word_1_306' title='bbox 896 2878 1136 2934; x_wconf 83' lang='lat' dir='ltr'>appellatur.</span> <span class='ocrx_word' id='word_1_307' title='bbox 1162 2879 1343 2923; x_wconf 83' lang='lat' dir='ltr'>Dubium</span> <span class='ocrx_word' id='word_1_308' title='bbox 1367 2890 1487 2931; x_wconf 63' lang='lat' dir='ltr'>mgr),</span> 
     </span>
     <span class='ocr_line' id='line_1_38' title="bbox 1393 2960 1486 2994; baseline 0.022 -2"><span class='ocrx_word' id='word_1_309' title='bbox 1393 2960 1486 2994; x_wconf 77' lang='lat' dir='ltr'>utra</span> 
     </span>
    </p>
   </div>
  </div>
 </body>
</html>
